2564 4914
241 355 808 420 rnnnnnrrrrarravs:
917 359 1016 439 245¹

113 529 118 536 '
198 529 391 605 Tert'iono
436 555 552 606 totto
588 515 811 608 Moroodii.

400 740 409 760 .
465 691 624 762 CLXXV.

72 815 173 899 Tres,
195 835 280 914 quae
303 685 506 912 sequbnbur,
537 817 707 888 tertianae
721 815 865 914 species,
886 787 1138 903 coartando·
1173 895 1178 910 s
1218 911 1220 918 Ι
1278 773 1279 818 ἦ

39 914 206 1001 fortatico,
234 931 268 986 et
275 917 478 1010 petecbiaons
493 941 513 987 a
529 941 736 988 nonnemo
756 917 920 1015 primum,
946 933 986 990 vt

30 993 40 1008 θ

34 1015 88 1112 ipse
96 1013 162 1113 stne
188 1021 378 1113 arrogantia
395 1017 634 1110 contendito),
656 1035 693 1090 et
708 1017 921 1106 obseruatio,
949 1035 986 1092 et
1279 1055 1280 1062 κ

36 1137 150 1188 curatae
171 1117 371 1208 fuerunt*).
399 1147 403 1154 ·
424 1125 469 1192 Et
491 1124 661 1218 primum,
700 1121 794 1218 quod
809 1121 851 1192 ad
866 1145 985 1194 tottam

42 1221 172 1314 pertinet,
195 1222 281 1292 hoec
295 1223 419 1322 incipit
433 1247 454 1294 a
468 1217 669 1310 lenitudine,
691 1223 878 1308 debilitate,
902 1222 985 1296 osci·
1034 1216 1036 1226 ’

44 1321 142 1392 tatione
163 1322 358 1420 frequenti,
385 1327 657 1418 particularium
681 1323 804 1398 deinde
820 1323 854 1396 fe
866 1324 987 1400 exserit

40 1421 163 1509 loom,
189 1428 316 1520 rigore,
347 1438 506 1512 tremore,
528 1429 652 1522 pallore
673 1443 903 1511 extremorum,
929 1453 986 1499 on·

36 1529 146 1612 aetate,
183 1525 316 1622 nausea,
356 1529 466 1602 dolore
491 1534 603 1622 rapitis
619 1535 831 1628 ‘groaottito,*
865 1526 982 1620 obtttstt,

32 1629 144 1714 nonita,
166 1627 263 1722 pallii
284 1627 440 1724 depreffo,
465 1635 582 1714 citato,
605 1636 705 1718 duro,
729 1634 895 1730 aliquotque
915 1653 983 1703 vor·

30 1730 143 1823 ligimso
183 1727 347 1826 offeffione
381 1733 523 1832 visionem
552 1735 779 1830 aliquantisper
809 1735 982 1807 hebetante.

28 1831 144 1916 Calore,
184 1847 221 1903 et
242 1831 338 1904 febre
359 1833 604 1920 inualescente,
630 1835 816 1908 succedunt
836 1839 981 1934 inquies,

29 1934 209 2021 garrulitas,
241 1933 389 2022 obliuio,
416 1937 504 2008 visus
524 1936 730 2023 obfuscatio,
757 1935 838 2025 fitia,
869 1938 980 2036 sopor,
1057 1945 1060 1962 '

30 2033 143 2128 linguae
160 2033 316 2122 tarditas,
339 2033 511 2123 delirium,
537 2042 696 2126 coecitas,
723 2038 827 2112 facies
849 2037 981 2112 lustun-

33 2133 59 2220 ta,
79 2140 176 2208 vrina
188 2137 413 2218 sedimentum
428 2139 556 2214 habens
570 2142 772 2213 lateritium.
825 2141 934 2214 Simul
942 2167 982 2213 ac

35 2259 89 2308 vcro
103 2240 255 2326 sentittit
270 2239 391 2332 febris,
407 2243 588 2340 paullatim
600 2244 688 2315 visus
702 2241 902 2328 restituitur,
919 2241 980 2315 ob·
992 2257 1007 2302 Ἀ

30 2334 176 2430 jecorum
197 2345 361 2435 imagines
385 2345 537 2444 primum
552 2346 698 2431 confuse,
721 2366 801 2420 mox
814 2346 914 2430 clare,
943 2360 980 2416 et

30 2437 161 2516 dillinfbe
185 2459 391 2533 cernuntur,
421 2471 518 2518 mens
533 2447 641 2534 redit,
668 2462 705 2519 et
721 2445 899 2548 relipiscit,
925 2446 978 2520 su·

29 2542 143 2636 postire
161 2547 274 2644 aliqua
287 2547 325 2617 in
342 2545 497 2647 soporem
515 2550 634 2634 modo,
663 2550 819 2638 modain
836 2550 987 2642 garruli·=
1059 2627 1062 2634 ,

31 2657 114 2720 tatem
131 2643 379 2747 propenlione:
414 2675 520 2748 quae,
545 2651 602 2723 vbi
622 2668 794 2739 remanet,
817 2647 979 2750 superest·

32 2769 95 2840 pue,
113 2767 311 2850 opportune
335 2749 514 2839 admonet,
544 2774 615 2825 non
637 2776 776 2826 omnem
796 2777 816 2822 e
835 2749 977 2824 cerebro

36 2845 150 2924 caulam
175 2847 340 2930 anoliam
353 2848 435 2939 elle,
463 2854 518 2927 fed
532 2855 580 2927 ibi
598 2853 673 2948 figi,
695 2879 735 2925 ac
746 2853 897 2939 stabiliri,
923 2879 977 2924 re·

39 2951 186 3052 mediaque
206 2955 303 3036 illico,
341 2955 394 3026 orl
403 2954 522 3050 saltem
546 2968 618 3028 onte
638 2959 787 3054 'quartam
809 2968 978 3056 opportu-

39 3071 70 3119 na
80 3056 252 3154 exposcere,
277 3081 321 3128 ne
337 3055 407 3128 sera
423 3057 525 3132 nimis
539 3059 758 3158 poenitentia.
768 3083 831 3132 nos
846 3055 974 3130 lubeat.

35 3153 147 3228 Necelle
170 3173 253 3253 ergo
271 3155 318 3231 cst
332 3160 499 3237 continuo
513 3161 635 3236 aluum·
644 3159 767 3248 lenire,
790 3183 913 3253 venam
928 3159 973 3230 fe·
991 3152 1102 3214 marte..
1130 3181 1143 3224 t

30 3277 94 3342 care,
119 3261 255 3358 alioque
269 3258 471 3358 epispoilicis
487 3263 663 3348 reuellere,
688 3270 724 3334 et
737 3265 903 3334 corticem
919 3285 975 3331 va·
1033 3310 1034 3336 n

29 3352 163 3433 lidiffime
198 3364 412 3460 propinares
464 3364 675 3436 Coecitatem
716 3387 754 3434 ex
782 3361 977 3458 hujusmodi

30 3457 115 3533 caulla
131 3465 168 3534 in
182 3463 330 3561 quodam
346 3463 480 3535 medico
498 3481 620 3552 aetate,
642 3483 745 3562 atque
758 3465 897 3558 ingenio
912 3463 973 3538 flo-

30 3579 122 3649 rente,·
175 3567 288 3664 patria
305 3565 487 3639 caesenate
509 3585 639 3654 ortam,
686 3583 722 3637 et
746 3559 821 3665 post
842 3566 975 3638 febrem

27 3657 178 3738 discullam
204 3668 343 3738 corticis
369 3691 452 3766 ope,
494 3669 554 3742 diu
576 3669 689 3740 adbuc
713 3683 976 3766 permanentem

25 3759 80 3834 lolo
91 3769 291 3840 continuato
305 3767 453 3839 antidoti
468 3771 570 3867 hujus
588 3771 646 3842 vsu
661 3769 801 3841 tandem
820 3787 976 3842 curatam

24 3864 154 3958 perfetio
168 3871 277 3943 laetus
291 3872 445 3942 memini.

57 4035 85 4114 a)
104 4057 253 4113 Mortuo.
277 4039 294 4104 l.
310 4060 334 4103 c:
349 4061 405 4124 cap.
422 4059 451 4123 3.

57 4123 83 4200 ⁹)
110 4127 221 4238 Nffflii
235 4128 295 4205 jain
309 4125 436 4188 abuma
456 4133 564 4290 1739}
586 4145 643 4208 quo
660 4121 972 4269 epidemiraesppipilpp:
995 4147 1003 4160 ·
