2670 4896
185 359 187 367 ·
309 313 362 386 l*
583 389 592 420 Ι
677 294 925 374 bornio

314 459 433 666 'qffiqen
451 483 518 605 ¹¹3⁶
535 483 604 560 nn
615 482 961 582 sinisteriorem
975 482 1148 559 contineo
1162 481 1325 564 remum

232 615 235 624 '
376 602 515 664 rmourt.

229 817 231 828 .
360 775 392 854 a)
412 769 579 834 Deliebrib.
614 753 650 848 i)
671 767 1011 855 Decognosr.ereuranrl.
1027 768 1113 833 morl.
1130 776 1156 850 ς.
1171 776 1246 855 563.

360 859 392 932 *l
412 855 552 936 Quisnam
572 851 668 935 pulsnt
685 857 773 918 velox
790 855 949 928 dicendus,
971 853 1102 938 quisnam
1118 855 1234 933 tardus,
1261 873 1325 922 aus

219 994 223 1002 .
320 960 400 1004 rarus
416 940 467 1018 srt,
489 959 551 1003 non
571 941 612 1000 ito
630 940 804 1020 expeditum
822 941 865 1003 eli
879 935 966 1014 sciru3
988 959 1056 1012 natu
1077 935 1174 1020 pulsus
1194 939 1325 1016 differt,

316 1023 353 1088 ¹vt
387 1023 529 1088 differunt
564 1023 700 1086 homines
738 1023 814 1104 ipsr,
856 1043 1021 1103 eorumque
1064 1025 1325 1089 circumstantiae.

244 1107 246 1114 ’
322 1111 495 1174 Generatim
513 1109 545 1172 in
559 1108 658 1188 pueris
671 1106 858 1188 frequentior
879 1107 937 1186 eil,
958 1115 1047 1189 quoin
1067 1107 1187 1183 adultis,
1207 1111 1325 1173 ratior

321 1194 355 1257 in
379 1191 508 1270 senibus,
542 1211 629 1273 quam
654 1193 686 1253 in
708 1191 835 1272 utrisque
861 1192 927 1254 illlr.
976 1196 1012 1254 ln
1035 1189 1235 1255 adulro'bene
1259 1211 1324 1252 va-

158 1285 164 1303 *
276 1313 279 1328 r
321 1279 420 1354 lente,
447 1273 633 1358 quiescente,
660 1279 829 1357 tranquillo,
857 1292 888 1340 et
908 1276 1008 1337 ieiuno
1029 1272 1159 1356 pulsuum
1179 1278 1325 1340 micatus

320 1377 519 1426 numeruntur
534 1381 551 1421 a
564 1357 713 1442 sexaginta
727 1359 764 1421 nd
785 1356 966 1445 septuaginta
986 1361 1062 1422 intra
1081 1362 1228 1422 minutum
1252 1363 1325 1440 pri·

258 1477 261 1482 ¹
321 1463 420 1508 mum:
461 1447 504 1507 in=
520 1443 696 1522 insontibus,
732 1461 764 1506 et
790 1445 889 1528 pueris
911 1442 1021 1507 eodem
1048 1441 1325 1508 modo-coustitu-

319 1532 373 1608 tio,
399 1527 570 1610 eodemque
589 1545 691 1589 rernm
711 1527 783 1592 llrtu
805 1527 903 1610 pofitlr
924 1528 961 1588 ob
982 1529 1132 1612 oiioginto
1152 1528 1189 1590 ad
1214 1549 1325 1592 nona·

220 1675 224 1684 ,
320 1619 406 1700 gintr
427 1615 578 1695 qninque3
610 1615 642 1675 in
668 1609 785 1697 senibus
807 1634 824 1674 o
846 1613 1059 1696 qoinquogintu
1082 1613 1119 1676 ad
1141 1609 1323 1696 sexaginta.

285 1725 289 1730 ·
319 1697 403 1767 Scire
431 1715 530 1760 autem
555 1700 639 1772 licet,
676 1695 791 1758 adultos
820 1695 970 1758 interdum
996 1697 1139 1775 existere,
1178 1717 1325 1778 quorum

319 1777 418 1870 pulsus
438 1783 562 1846 micotut
590 1783 623 1842 in
650 1783 775 1844 naturali
794 1782 869 1858 siotu
890 1776 962 1842 sunt.
975 1781 1141 1863 osioginta,
1176 1797 1229 1842 out
1253 1803 1321 1844 no·

319 1867 457 1949 noginto,
483 1867 547 1927 imo
564 1867 652 1928 etiam
672 1867 772 1946 pluteo
792 1866 871 1926 intra
892 1863 973 1926 idem
993 1865 1134 1944 temporit
1154 1866 1317 1932 minutum

318 1953 461 2034 primum,
493 1950 564 2012 dum
586 1951 619 2012 in
639 1950 703 2012 aliis
724 1971 786 2012 non
814 1952 890 2011 vltra
911 1949 1123 2032 quinquaginta
1145 1967 1314 2012 numeran-

318 2053 383 2107 tur3
415 2051 446 2098 et
467 2051 568 2098 tomen
589 2030 709 2116 'utrique
729 2037 808 2106 resia
832 2033 1183 2112 valetudinevstuontut«
1208 2034 1308 2112 Quod

318 2114 407 2200 saepe
428 2134 569 2201 expertus
595 2116 664 2185 snm.
705 2119 766 2180 Nili
791 2119 883 2202 igitur
903 2115 999 2198 pulsnt
1025 2114 1148 2195 cujusvis
1171 2117 1312 2184 hominio

203 2199 204 2209 ’
320 2220 409 2267 anteo
436 2205 614 2282 innotuerit,
655 2223 694 2266 ex
726 2201 786 2264 lon
814 2203 879 2279 ejus
907 2199 1074 2283 frequentia
1099 2201 1191 2266 sebcir
1219 2221 1313 2266 certo

313 2283 445 2370 ¹discerni
470 2290 600 2368 nequit.¹
632 2292 669 2350 In
690 2283 854 2350 uniuersum
877 2301 908 2348 vt
928 2285 984 2348 diri
1007 2287 1074 2364 jure
1096 2285 1180 2366 poillt
1202 2285 1314 2367 pulsus

189 2384 211 2410 ·’
320 2374 446 2436 naturali
466 2367 526 2434 effe
542 2370 747 2452 frequentior,
783 2369 891 2444 debet,
925 2369 1181 2434 finvecnntcto
1201 2373 1315 2434 credi-

319 2475 403 2534 mor,
424 2455 616 2520 innodatum
633 2473 750 2537 tempus
770 2457 854 2517 terrio
873 2456 940 2534 plur
954 2471 1039 2536 porte
1058 2452 1184 2538 pulsare,
1210 2477 1312 2537 quam

318 2539 387 2604 sano
408 2537 499 2615 solet;
520 2540 550 2600 id
571 2538 631 2612 est,
651 2535 672 2604 fi
691 2542 724 2602 in
740 2537 808 2602 sono
827 2535 924 2622 pulsus
944 2525 1066 2607 inicam
1084 2537 1323 2620 erinnleptuaa

151 2681 187 2704 ,,
343 2627 419 2696 into,
451 2625 484 2687 in
508 2621 695 2687 sebiicittnto
718 2641 807 2688 erunt
832 2627 994 2708 nonaginta
1021 2623 1169 2706 quinque,
1204 2621 1312 2692 sumto

200 2765 204 2770 .
317 2645 436 2790 semper
458 2709 573 2772 minoto
594 2710 692 2797 primo
720 2730 774 2790 pro
803 2711 945 2788 temporit
972 2704 1060 2791 spatio
1081 2710 1194 2789 utrique
1222 2728 1313 2773 com-

318 2795 421 2863 muni,
451 2810 483 2856 vt
505 2792 679 2856 dimetiendi
704 2795 777 2856 totio
801 2814 864 2856 non
889 2791 977 2856 sallat.
1029 2795 1219 2873 Quamquam
1249 2816 1311 2858 ne·

318 2873 436 2940 cessaria
457 2877 530 2939 mihi
549 2888 614 2940 non'
629 2877 765 2940 'videntur
784 2874 899 2957 semper
918 2873 1082 2955 hujusmodi
1105 2875 1310 2958 pulsationum

205 2985 208 2992 ⁴
316 2962 472 3044 proportio
481 2983 495 3030 ε,
510 2961 574 3024 sutis
596 2963 678 3026 enim
696 2964 754 3034 est,
776 2959 910 3054 pulsuum
930 2981 1091 3024 numerum
1108 2964 1218 3042 aliquot
1237 2965 1310 3028 icti.

244 3065 247 3072 ·
317 3045 375 3108 bur
390 3053 517 3111 naturaei
526 3047 648 3108 modum
663 3045 826 3125 excedere,
846 3063 877 3108 er
889 3047 978 3108 talem
992 3045 1100 3108 diutius
1111 3047 1318 3128 permanere,

146 3141 149 3153 ’
264 3151 265 3154 ’
317 3144 351 3190 vt
369 3129 697 3212 naturali.frequentior
719 3125 817 3210 pulsor
837 3130 985 3215 habeatur.
1029 3129 1184 3194 cltiffimus
1207 3151 1317 3210 porro*

316 3211 441 3292 dicitur,
462 3211 532 3275 stin
548 3215 656 3276 eodem
673 3209 801 3292 subjeilo
816 3211 913 3296 pulsus
932 3211 987 3276 srnt
1009 3217 1156 3296 quinque.
1177 3211 1224 3277 ue'l
1248 3217 1316 3281 ded

223 3295 227 3302 ’
316 3316 384 3358 cem
401 3292 486 3378 supro
503 3315 629 3361 centum.
670 3304 826 3372 Extremus
840 3297 939 3362 serme
956 3297 1064 3383 gradus
1082 3299 1246 3376 celerrimi,
1272 3299 1315 3374 etl

179 3391 185 3406 '
315 3381 470 3456 citatissimi
498 3382 558 3460 est,
600 3403 667 3446 cum
692 3384 768 3445 intra
792 3385 940 3446 minutum
970 3385 1094 3461 primuni
1119 3380 1290 3464 pulsatione

303 3479 454 3541 centum,
482 3482 513 3527 et
533 3467 741 3552 quodraginta,
766 3485 816 3530 out
836 3469 1047 3552 quinquaginta
1069 3465 1297 3550 distinguuntur

258 3626 261 3634 Ι
314 3547 377 3613 Sed
390 3566 453 3610 tum
475 3550 513 3611 ob
533 3546 735 3630 uelocirotem,
756 3569 788 3616 et
807 3552 1009 3634 frequentium
1028 3552 1076 3614 vix
1095 3554 1245 3615 numerari

270 3666 272 3670 ·
312 3631 454 3714 distingui
479 3635 546 3697 illae
570 3635 701 3716 possunt.
740 3637 882 3718 quidquid
910 3639 960 3698 olii
988 3635 1177 3700 contendant.
1226 3637 1293 3702 vid

311 3718 548 3783 numillimus
561 3723 591 3779 itt
609 3741 666 3783 nor.
682 3719 720 3781 ad
737 3734 801 3806 pag.
817 3726 887 3786 621.
906 3715 979 3781 Tom.
999 3738 1027 3800 ς.
1074 3717 1219 3804 Tabltdes
1238 3741 1271 3780 m

311 3803 396 3860 tiires
418 3821 540 3884 opernm
562 3817 737 3868 nvcllnttu.
779 3805 854 3868 lllud
878 3821 979 3866 autem
1001 3805 1050 3866 hic
1074 3804 1266 3872 aduertendu

312 3885 370 3957 est,
392 3886 470 3966 quod
487 3883 573 3968 supro
587 3891 734 3964 celeritas,
756 3889 895 3952 velocitas
911 3905 942 3948 et
954 3887 1137 3970 frequentia,
1157 3910 1210 3970 pro
1226 3907 1288 3952 vna

288 3955 477 4051 ”eodemque
493 3993 527 4058 re
547 3992 665 4052 occepta
684 3973 741 4043 est,
756 3989 866 4042 ,contra
883 3993 970 4053 qutun
993 3995 1009 4037 n
1031 3971 1200 4055 quibusdam
1221 3976 1290 4038 occi

303 4053 420 4134 piatur,
441 4072 471 4120 tt
489 4055 559 4118 assiri
573 4057 683 4120 deinde
696 4058 792 4136 poitur
807 4055 868 4121 fiet
948 4055 955 4122 ‚⁴
1050 4107 1052 4114 ,

1043 4130 1056 4150 ’
1141 4140 1294 4246 ¹§.tn
