2670 4896
1006 367 1053 445 ‚ss

77 537 138 612 tus
155 529 371 636 accipiendas
396 531 599 628 arbitratur,
633 537 810 638 quianon
837 535 880 614 ad
904 543 1057 632 arterias,

86 643 129 714 sed
140 641 175 711 ad
195 665 308 711 venas
324 636 475 738 speslare
488 643 521 711 ei
538 641 626 712 visae
644 642 732 714 sunt.
757 675 760 684 ·
786 647 887 714 Putat
901 649 992 717 enirn
1011 643 1056 719 lic

87 741 143 814 vasa
161 740 331 834 sanguine
355 741 515 836 turgida,
546 755 582 813 et
610 743 712 840 plena
733 743 769 814 in
794 745 975 819 visceribus
997 749 1055 819 de·

81 857 289 916 mortuorum
305 869 485 940 apparere,
507 867 584 915 'non
609 845 699 942 quod
718 841 990 919 inflammatione
1005 849 1054 933 as·
1101 842 1104 855 ’

79 941 294 1032 fedassent,
318 943 373 1015 sed
389 945 481 1041 quod
495 969 659 1016 venarum
677 947 808 1018 truncis
824 949 968 1044 spasmo,
995 951 1055 1048 qui

80 1047 113 1118 in
131 1048 286 1140 malignis
309 1046 440 1118 morbis
461 1044 666 1146 potillimam
690 1061 825 1146 partem
847 1050 968 1138 habet,
1004 1051 1054 1123 as·
1136 1055 1145 1066 “

3 1167 5 1238 t
84 1145 194 1232 leuis,
216 1163 245 1218 et
263 1144 468 1236 contrastis,
490 1149 619 1246 reliqua
639 1149 713 1221 vasa
731 1149 846 1220 omnia
863 1151 894 1222 se
916 1152 1054 1250 deplere
1080 1203 1084 1220 .

3 1253 5 1260 “
92 1263 256 1344 nequeant,
300 1249 448 1347 ideoque
474 1267 629 1342 retento,
669 1252 951 1347 accumulateque
980 1254 1052 1327 san·

95 1353 178 1444 guine
188 1355 228 1442 a),
236 1367 380 1443 turgere
396 1351 553 1424 debeant.
608 1355 958 1455 Quocunquelautem
977 1379 1051 1426 mo·
1076 1357 1082 1378 '

90 1453 123 1524 do
142 1453 403 1548 phaenomenon
430 1451 517 1526 illud
543 1455 745 1550 explicetur,
793 1452 842 1526 fiu
871 1469 1052 1527 armenta
1104 1489 1108 1494 ·
1191 1517 1193 1526 ,

84 1579 289 1640 zonarion,
329 1555 423 1652 quod
446 1578 530 1627 vero
560 1552 700 1630 similius
726 1557 895 1643 videtur,‘
919 1556 992 1630 flue
1012 1583 1052 1632 ex
1118 1637 1121 1648 ,

81 1672 186 1727 mente
202 1681 432 1742 ovesnarr,
460 1657 551 1754 quod
564 1652 737 1730 interdum
751 1663 856 1730 etiarn
874 1659 1059 1758 probabile·
1075 1709 1085 1722 ι

82 1755 137 1844 est3
167 1760 231 1840 hoc
260 1758 340 1829 sane
362 1759 568 1856 experientia
587 1757 814 1858 perspetlum,
848 1761 1050 1860 comproba·

80 1871 209 1958 tumque
225 1857 289 1945 est,
317 1862 454 1933 noxiam
468 1863 504 1933 in
525 1870 671 1958 utroque
689 1862 766 1934 casu
783 1862 950 1954 sanguinis
973 1861 1050 1936 ntis·

80 1958 193 2034 sonem
209 1961 434 2060 deprehendi.
487 1965 626 2057 Etenim
645 1989 708 2058 per
730 1964 818 2050 hanc
839 1966 1051 2057 chirurgiam

83 2065 130 2134 rel
143 2065 278 2160 putrida
297 2063 465 2156 sanguinis
483 2060 656 2136 dissolutio
676 2083 919 2162 promouetur,
947 2083 983 2138 et
1000 2070 1049 2139 vi·

89 2165 158 2235 tales
178 2169 267 2237 vires
291 2162 390 2238 fimul
416 2168 543 2257 magis,
575 2166 746 2262 magisque
769 2165 1050 2265 prosternuntur:

85 2267 129 2336 rel
155 2266 380 2365 spalmodicae
411 2265 818 2362 uasorum-affetliones,
866 2271 1052 2341 imminuta

80 2367 235 2461 sanguinis
255 2365 443 2458 sefistentis
470 2372 586 2468 copia,
624 2387 661 2440 et
687 2371 799 2442 cordis
826 2373 1050 2469 propellentis

81 2471 212 2558 virtute,
248 2465 433 2542 necessario
456 2472 677 2566 inualescunt.
731 2473 857 2570 Reapse
879 2491 949 2544 non
972 2495 1051 2545 raro
1092 2557 1094 2564 Ι
1189 2495 1191 2503 ”

82 2597 126 2642 res
142 2575 395 2665 aegrotantium
417 2575 454 2644 in
478 2585 764 2674 praeceps'rucre
785 2573 858 2668 post
881 2576 1050 2669 sanguinis

82 2673 255 2746 militonem
273 2673 344 2746 vidi
360 2692 497 2768 egomet
512 2676 598 2774 ipse,
625 2679 697 2746 imo
718 2677 895 2762 delirium,
923 2675 1049 2750 motus·
1101 2771 1102 2776 ἵ

83 2791 138 2872 qut
165 2773 399 2868 commissum,
445 2775 488 2848 ad
522 2803 606 2873 quos¹
636 2777 888 2876 praecauendos
918 2780 1050 2870 sanguis
1161 2773 1173 2795 Χ

85 2873 182 2948 missus
203 2893 295 2964 erat,
333 2876 513 2952 confestim
539 2877 701 2976 subsequi.
760 2885 840 2950 Nec
864 2880 979 2970 longe*
994 2881 1051 2956 ab·

89 2975 166 3061 ium,
190 2996 225 3052 vt
247 2981 386 3060 credam
414 2995 489 3079 per'
505 2983 612 3053 venae
639 2975 822 3076 setlionenr
852 2980 1050 3072 sanguinem

88 3085 253 3169 attenuari,
281 3099 318 3154 et
339 3078 472 3156 dissolui
487 3086 561 3171 ita„
575 3097 614 3156 vt
636 3083 737 3154 altius
753 3085 790 3152 in
813 3082 886 3154 vasa
906 3085 1048 3170 cerebri,
1156 3085 1158 3092 ’

80 3179 204 3256 sortasse
218 3185 325 3262 etiam
339 3184 443 3256 setosa
458 3183 482 3256 fi
500 3211 566 3284 qua
580 3185 672 3272 sunt,
698 3199 890 3284 penetrans,
916 3183 1048 3258 medul·
1078 3273 1086 3284 ,
1112 3167 1116 3190 Ι
1179 3206 1181 3215 ·

3 3309 4 3312 ’
78 3281 216 3384 laresque
233 3283 338 3359 fibras
353 3311 498 3378 urgens,
518 3303 578 3358 aut
595 3288 775 3374 diuellens,
798 3287 973 3372 delirium,
998 3285 1050 3358 so·
1087 3345 1088 3349 ,

77 3411 202 3483 potem,
233 3386 511 3462 conuulsronesue
535 3415 605 3461 non
627 3413 749 3489 parum
770 3389 952 3475 acceleret,
989 3401 1051 3460 aut
1109 3450 1117 3454 -
1177 3409 1184 3424 ⁸

3 3533 11 3548 ι
81 3487 213 3562 arcessat.
1106 3485 1113 3496 ’

120 3597 184 3664 Lll.
219 3596 271 3665 Vt
294 3593 423 3688 cuique
445 3591 585 3683 morbo,
617 3587 663 3662 tic
687 3583 952 3665 inflammationi
977 3615 1049 3668 non

77 3689 181 3766 desunt
204 3693 284 3767 suae
303 3689 530 3766 differentiae.
583 3694 695 3765 Prima
718 3719 738 3764 a
759 3693 933 3779 locorum,
960 3717 1047 3790 quae
1100 3775 1105 3802 r

82 3793 339 3887 inflammatione
350 3809 540 3883 tentantur,
554 3795 720 3868 varietate
733 3797 1046 3965 permanat⁶dlsqinc

553 3901 630 3968 Da
688 3902 691 3910 '
746 3935 751 3950 ·
828 3947 830 3951 ψ
869 3909 873 3920 ‘
954 3896 1045 3968 iin-

4 4099 5 4108 χ
77 4030 141 4188 11ι)
161 4029 263 4198 Tpaid
283 4028 317 4092 cle
338 4025 439 4114 ficare
464 4024 497 4090 Τ.
521 4043 550 4092 2.
572 4021 651 4109 claa'p.
667 4023 742 4118 Vll.
755 3983 823 4090 ἀνι.
842 4043 870 4094 a„
887 4042 950 4128 pag.
973 4039 1046 4132 443.

96 4127 169 4192 45.rr
194 4132 239 4200 eq.
366 4149 369 4153 -
818 4139 822 4150 ·
882 4143 888 4152 =
