2564 4914
265 375 845 451 σπωμησοκτιηπτῃ
890 333 896 371 ”
947 363 1019 446 '309
1104 428 1107 442 ,

62 531 124 601 alibi
139 538 162 612 §.
175 535 281 615 Lvltt.
304 535 489 608 nanninus,
511 533 661 604 veteribus
683 539 782 618 erant)
794 535 1018 620 facillimamque

55 638 172 694 *curuum
193 619 356 699 ¹Dupb‘cem
372 611 457 701 putat
474 615 548 695 effe,
572 604 659 700 esium
678 615 783 702 puraiu
805 641 836 684 et
855 621 1015 706 legitimam,

59 709 135 770 uliam
147 701 260 765 uothm
275 704 334 766 srue
341 701 483 788 spuriam.
524 707 610 768 Illam
624 726 690 768 raro
705 701 854 788 septimam
869 709 949 768 diem
963 705 1015 770 ex'·

59 787 173 869 cedere,
191 789 270 850 hanc
283 787 320 850 ad
334 789 479 851 decimam
496 806 627 872 quartam
643 791 732 852 etiarn
748 792 884 868 extendi,
908 793 1013 854 coilio'·

58 869 148 952 nisque
171 871 251 956 figna
270 874 300 937 in
321 894 356 934 ea
378 893 528 954 apparere.
570 879 674 954 Itaque
694 875 731 936 ed
754 871 893 963 Syuochos
910 895 1012 958 putrer

58 957 167 1021 omnino
181 955 304 1038 spella,
326 960 372 1018 uel
387 955 407 1018 st
423 958 458 1018 ad
473 953 642 1038 Synocbum
659 955 818 1040 simplicem
833 960 920 1036 velit,
943 979 1012 1042 pto·

56 1039 197 1104 lelio‘non
213 1039 331 1106 differet
343 1063 361 1106 a
370 1037 675 1134 synociqsunguineu‚
699 1057 730 1105 et
741 1039 903 1124 platharr'eu.

86 1150 113 1230 i)
134 1143 374 1230 Descriptiomem
389 1145 509 1236 Spania·
518 1149 701 1230 seorlmicae,
715 1165 811 1232 'quam
833 1149 916 1214 dedit
933 1168 1008 1218 cnv-

58 1249 226 1310 alonnum,
257 1233 441 1306 scanlalum
468 1235 554 1298 sacile
574 1236 739 1318 intelliges,
762 1236 810 1296 vel
831 1232 1008 1318 symptoma-

57 1323 131 1382 ticam
148 1339 217 1382 eam
233 1315 333 1396 soille,
357 1323 404 1382 uel
424 1341 490 1382 cum
505 1314 641 1382 scotbuto
657 1321 873 1398 complicatam,
896 1323 944 1382 vel
965 1319 1005 1382 ob

54 1405 212 1488 contagium
228 1419 253 1464 'a
273 1405 444 1486 parentibus
466 1400 631 1468 scotbutioir
653 1400 814 1486 susceptum
834 1425 850 1466 a
870 1403 1003 1486 Synochi

52 1485 177 1569 implicic
188 1503 294 1549 natura
310 1471 474 1562 desciuisse,
495 1488 671 1570 lethumque
685 1489 724 1554 ob
740 1509 839 1560 veram
854 1485 1002 1572 sanguinis

52 1575 260 1656 corruptionem
269 1572 325 1634 'die
337 1570 463 1653 septimo
477 1569 610 1636 attulisse.

80 1682 107 1761 c)
130 1693 370 1742 savrrnoesrvs
392 1700 496 1758 unam,
518 1681 714 1763 eamdemque
733 1677 839 1741 febrim
856 1679 1003 1744 existima·

49 1765 81 1824 rit
93 1763 245 1848 spiraciam
259 1761 441 1828 curae-elaulem
456 1781 661 1832 trorrmatcrcl
676 1785 741 1827 cam
758 1768 892 1826 catarrho
910 1764 1001 1847 epida-

48 1851 104 1908 mica
120 1865 323 1922 nunrsctrn,
345 1866 376 1910 et
394 1869 463 1910 cum
473 1849 558 1930 feiee
570 1849 720 1930 epialeeuiaa
738 1863 904 1912 nnourmr
921 1848 1000 1930 apud
1109 1863 1131 1934 ¹¹

47 1931 182 1992 ilium-ium
210 1937 285 1992 inter
311 1930 445 2013 obseruur.
467 1933 555 1994 adalia.
583 1933 636 2016 olef
654 1935 690 1996 X
718 1950 750 1995 et
776 1951 837 1992 cum
864 1931 1000 1996 catarrho

47 2033 169 2080 curvetur
181 2013 250 2076 aeut.
269 2037 294 2082 1.
310 2017 362 2100 obfi
377 2017 413 2079 X.
455 2017 532 2090 Sed,
549 2015 569 2079 si
587 2019 657 2100 quid
672 2018 787 2097 judico,
810 2037 870 2078 non
890 2034 997 2096 parum

47 2099 199 2178 hujusmodi
214 2103 309 2163 morhi
325 2099 465 2166 differunt
478 2103 557 2164 iniec
570 2099 610 2174 se,
631 2120 661 2164 et
676 2099 824 2184 speciatim
840 2097 997 2184 aSymocho

44 2181 146 2268 suplici
159 2187 245 2246 ualde
260 2185 373 2248 distant.
401 2212 404 2218 ·
417 2188 604 2270 Singulorum
617 2185 827 2266 descriptiones
841 2203 896 2246 rna
911 2182 994 2244 simul

49 2287 250 2350 comparentur.
291 2267 456 2350 Descriptio
469 2270 560 2332 febris
577 2271 776 2352 epidenricae,
797 2287 888 2350 quam
900 2285 993 2331 emo.

17 2419 20 2426 ,
47 2371 271 2420 aorrmnnuvs
293 2357 408 2418 uocauit
423 2351 575 2440 Spuochum
594 2352 766 2438 commolitum
780 2357 814 2416 Α.
834 2371 923 2436 1729.
941 2371 994 2414 ex·
1042 2424 1046 2432 ,

46 2437 87 2498 slat
105 2439 181 2519 apud
205 2437 343 2502 eumdem
371 2437 440 2502 lale
450 2439 558 2522 febris.
572 2439 636 2522 sesi.
655 2457 684 2506 2.
707 2460 764 2521 cup.
786 2455 811 2504 1.
830 2437 932 2519 obsera.
957 2435 991 2497 V.

46 2522 141 2584 Sieam
159 2529 215 2586 rite
233 2523 444 2606 perpenderis,
464 2523 687 2606 deprehendes,
708 2523 871 2602 catarrhum
890 2520 993 2604 epide·

45 2609 139 2668 nicom
152 2604 237 2684 fuisse
251 2627 318 2668 cum
331 2605 417 2670 febre
427 2609 492 2690 pius
505 2615 601 2671 minus
616 2609 699 2690 graui
713 2608 919 2688 conjunctum,
941 2621 992 2667 aut
1070 2613 1073 2624 ¹

47 2687 177 2766 fifebretn
194 2693 333 2754 malueris
349 2713 417 2756 eum
430 2683 588 2774 appellare,
611 2713 806 2774 nequaquam,
828 2689 889 2752 srue
907 2687 992 2752 dura·
1042 2735 1047 2749 a
1140 2715 1151 2754 ,·

49 2775 120 2836 tionic
139 2793 270 2858 tempus,
301 2775 361 2838 fine
388 2775 452 2858 typi
476 2777 619 2842 rationem
642 2775 824 2852 confideres,
854 2770 990 2836 febribus

49 2859 233 2920 entiamrilus
246 2858 455 2940 accensendam
469 2857 536 2920 esse.
580 2861 654 2924 Num
671 2857 772 2940 saepe,
792 2855 913 2942 quuqdo
927 2875 991 2938 gra·

46 2943 95 3004 rior
110 2945 227 3011 morbuu
245 2961 323 3018 erat,
343 2945 380 3006 ad
395 2943 542 3018 decimam
554 2961 688 3031 quartam
700 2944 779 3004 diem
792 2938 990 3023 protendeba·
1110 2945 1117 2964 ⁸

45 3043 90 3098 tur.
108 3030 185 3110 quod
193 3029 331 3110 Synocbo
344 3028 466 3110 struplici
477 3027 601 3092 minime
614 3029 755 3090 conuenit
761 3046 770 3098 3
791 3041 822 3088 et
835 3039 988 3106 praeterea
1067 3081 1069 3088 Α

43 3107 201 3191 vespertinis
216 3113 294 3178 horis
308 3111 553 3190 exacerbabant,
575 3111 654 3194 qood
667 3109 837 3194 quotidianis
852 3111 990 3169 continuis

43 3197 234 3260 remiremtibus
249 3201 401 3280 proprium
418 3199 474 3260 est:
497 3215 527 3258 vt
543 3197 618 3260 nihil
634 3195 726 3257 dicam
742 3195 780 3256 de
799 3193 989 3274 exanthema-

44 3282 199 3357 rumiliaci,
220 3299 270 3343 aut
282 3278 441 3364 parochiali,
462 3281 540 3364 quod
556 3283 586 3346 in
599 3301 635 3344 ea
649 3279 822 3360 erumpebat
838 3298 900 3340 non
914 3297 988 3354 rato,
1032 3289 1035 3296 ’
1049 3335 1060 3365 ‚

43 3367 180 3448 exitioque
196 3381 266 3430 erat.
308 3371 411 3446 Nuper
427 3369 469 3426 vir
489 3365 619 3446 alioquin
642 3365 815 3428 dosiiistmur
836 3361 872 3422 ad
892 3362 1001 3422 contii

43 3454 163 3514 cientium
176 3450 306 3512 febrium
322 3447 438 3513 classem
449 3451 548 3530 repulit
559 3449 678 3512 febrem
692 3446 877 3509 catarrlnlem
885 3463 988 3507 troru-

42 3545 159 3607 mattm,
182 3534 354 3599 cumde'ea
369 3529 464 3597 sermo
476 3531 626 3598 incidisset.
669 3531 729 3598 Sed
747 3549 818 3612 puto
837 3549 898 3592 non
916 3549 994 3599 enm.

41 3633 161 3682 nentem
173 3616 330 3682 intendisse
343 3617 381 3678 ad
393 3621 466 3680 lraec
475 3635 682 3683 uorrmnnnt
696 3617 787 3678 verba
797 3617 811 3675 :⁴
827 3614 986 3676 Fluxioner

41 3705 202 3768 catarrhaleu
226 3701 265 3768 ad
283 3703 420 3782 uesperum
437 3701 613 3764 exacerbatur
632 3699 731 3761 caloris
749 3699 882 3778 fecerum
903 3701 994 3758 iucre-

40 3801 162 3858 memum,
185 3788 339 3868 mallemque
352 3789 518 3868 inquietum,
538 3785 620 3848 olomuc
640 3785 740 3846 decima
755 3799 858 3865 quarto
877 3801 909 3842 vr
926 3780 990 3862 plu·

39 3871 130 3934 rimum
141 3872 185 3934 ὧι
196 3869 363 3953 discederem
376 3871 495 3952 penitus.
536 3875 604 3932 lure
618 3872 724 3950 igitur,
746 3887 783 3930 eo
802 3866 880 3951 quod
894 3865 987 3930 febris

39 3952 82 4016 illa
100 3954 213 4038 vesperi
232 3953 464 4039 ingrauesceret,
497 3955 673 4035 mollemque
694 3951 891 4014 molestiorem
910 3949 989 4012 face·
1077 4027 1080 4037 Ι

39 4056 91 4110 ret,
113 4041 149 4102 ad
161 4043 379 4102 remittentesa
398 4039 485 4102 nobis
504 4058 641 4102 reuocata
662 4035 712 4102 est.
756 4029 896 4120 Spnorltus
915 4053 987 4094 vero

41 4123 173 4200 ‘psalmica
194 4121 338 4206 composta
355 4125 418 4206 cum
437 4119 569 4186 catarrho
590 4127 625 4188 A.
643 4131 731 4204 1580.
752 4139 783 4184 G.
806 4135 991 4184 aunrsctau

215 4229 217 4233 '
491 4211 521 4273 V
540 4227 558 4288 3
788 4283 792 4291 „
852 4197 992 4265 describi·
