2580 4904
228 331 778 450 'e'om'rr'rafnuatrrrrnm
890 319 979 432 '⁵435

8 530 125 623 urigo,
147 541 184 600 et
198 521 331 615 natura,
353 531 542 626 antequam
555 527 739 628 quidquam
757 529 800 600 de
812 525 994 627 pro‘gnoll,

30 647 81 702 aut
106 632 284 702 curatione
304 635 564 729 pronuntietur.
627 635 661 703 Si
688 634 795 722 igitur
818 632 981 725 ejusmodi
1004 649 1152 716 praespe-

28 735 190 818 aaeatur‚
212 732 347 830 quarem
365 729 637 823 (cocorant)
653 729 901 830 descripfimus,
928 720 1152 840 vum*
1186 776 1188 784 ‚

30 833 143 904 medici
161 859 265 932 opera
282 833 430 925 indiget,
455 833 641 906 dummodo
658 837 752 904 mitis
769 833 825 918 fit,
857 850 892 906 et
910 838 981 906 cito

29 937 184 1020 remittat,
209 935 322 1010 locbia
337 936 596 1020 leniaercluant,
619 935 779 1033 plethora
800 933 898 1020 absit,
919 963 983 1008 nec
1050 1012 1055 1028 q
1199 998 1201 1007 .

30 1037 203 1136 quodpiam
240 1035 334 1108 aliud
367 1037 562 1136 symptoma
598 1039 735 1130 grauius
764 1035 895 1134 praello
928 1035 981 1110 lit.
1121 1029 1124 1038 ’

32 1143 120 1208 Tunc
142 1140 237 1208 enim
259 1137 336 1234 satis
356 1135 404 1242 esl
424 1163 626 1237 puerperam
653 1138 838 1236 quiescere,
865 1163 884 1210 a
906 1138 983 1210 luce

34 1240 201 1325 viuidiore,
234 1238 462 1327 sermonibus,
486 1255 550 1312 aut
571 1239 906 1318 confabulationibus
932 1267 985 1311 ar-

34 1343 105 1426 ceri,
128 1343 244 1440 capite
264 1341 399 1412 eleuata
411 1340 637 1429 decumbere,
665 1367 788 1440 corpus
814 1369 833 1414 a
855 1341 986 1433 frigore
1080 1397 1084 1408 Α
1135 1383 1137 1396 ·

34 1441 172 1530 defendi,
198 1457 288 1542 potu
307 1442 442 1542 tepido,
468 1446 653 1542 aperienti,
686 1444 845 1526 inodora,
874 1459 983 1534 grato,
1075 1505 1079 1512 .

34 1542 178 1616 humores
206 1543 354 1630 diluere,
391 1544 602 1644 blandaeque
629 1542 817 1645 diaplloresr
845 1569 986 1642 operam
1018 1635 1024 1644 ἱ

35 1644 116 1732 dare,
139 1642 235 1718 villu
250 1644 444 1740 tenuissimo
460 1673 498 1717 ex
512 1647 587 1743 jure
602 1649 705 1743 pulli,
729 1646 890 1744 simplici,
924 1662 985 1718 aut

36 1771 101 1818 cum
119 1773 207 1846 pune
231 1744 389 1834 decollo',
423 1748 466 1820 ad
487 1747 573 1844 julla
592 1751 774 1820 interualla
795 1749 985 1846 prudenter

36 1849 151 1921 tributo
165 1858 225 1936 vti,
250 1865 287 1920 et
302 1847 445 1947 clystere
461 1852 638 1922 molliente
656 1847 887 1934 srnestimulis,
906 1853 985 1922 oleo

38 1949 198 2040 uliuarum,
221 1951 282 2022 vbi
298 1967 535 2050 opportunum
549 1951 656 2023 visum
673 1955 748 2036 erit,
771 1952 898 2036 addito,
921 1949 984 2022 fin·

39 2052 109 2140 gulis
131 2070 190 2126 aut
218 2046 502 2124 alternis'cliebus
531 2056 646 2126 aluum
674 2054 799 2139 laxare,
834 2069 893 2124 aut
915 2051 986 2145 jam

39 2151 128 2228 laxam
148 2149 366 2246 abstergere,
384 2155 495 2230 donec
515 2159 694 2247 integritas
714 2155 841 2227 redeat.
895 2159 986 2224 Raro

40 2252 188 2347 sanguinis
203 2253 458 2356 miffione'opu's
474 2256 531 2328 est.
564 2260 599 2329 si
615 2257 732 2330 tamen
746 2257 859 2329 lochia
876 2278 986 2352 aequo

41 2360 154 2450 parcius
175 2357 307 2449 fluant,
335 2353 412 2444 aut,
442 2361 533 2456 quod
556 2364 662 2452 magis
679 2375 792 2452 vrget,
820 2355 986 2444 fillantur,

40 2457 180 2549 plethora
195 2449 271 2532 vasa
287 2475 457 2554 turgeant,
475 2461 578 2533 facies
593 2461 724 2545 rubeat,
741 2477 845 2558 caput
860 2461 985 2545 doleat,

42 2571 68 2626 et
92 2559 331 2656 pulsationibus
361 2561 534 2649 feriatur‚·
560 2578 619 2634 aut
646 2563 782 2662 spiritus
803 2559 988 2634 difficulter
1069 2628 1072 2649 ,

42 2657 181 2749 ducatur,
209 2663 317 2736 febris
336 2665 572 2736 vehementius
593 2666 765 2749 exardeat,
793 2687 871 2734 cum
889 2663 987 2759 pulsu

41 2761 140 2856 pleno,
158 2765 262 2851 sorti,
287 2784 325 2836 et
344 2765 447 2851 duro,
472 2781 532 2838 aut
548 2761 729 2864 suppresso,
755 2780 815 2839 aut
830 2767 920 2834 vteri
934 2789 986 2832 re·

43 2863 87 2948 gio
104 2863 289 2967 compressa¹
310 2868 456 2963 aliquem
480 2868 607 2939 doloris
630 2868 759 2938 sensum
780 2865 876 2950 edat,
902 2880 987 2940 tunc

45 2960 218 3062 sanguinem
235 2970 338 3040 incisa
352 2972 388 3040 in
401 2966 488 3067 pede
500 2993 587 3040 vena
602 2971 697 3041 mitti
712 2969 870 3066 protinus
886 2985 988 3062 opor·

48 3075 95 3148 tet,
114 3096 152 3142 ne
163 3099 203 3142 ex
219 3073 289 3142 leui
304 3072 385 3142 alius
400 3071 522 3144 morbo
537 3073 572 3142 in
590 3071 760 3170 pejorem,
777 3071 987 3163 grauiorem·

51 3181 101 3256 que
118 3168 169 3244 fiat
190 3152 372 3257 tricostus
401 3174 502 3270 idque
525 3174 718 3261 interdum,
745 3175 782 3249 ni
805 3173 988 3244 remittant
1052 3191 1056 3204 ’
1168 3208 1171 3216 ·

38 3261 271 3368 symptomata,
294 3275 483 3376 prudenter
501 3277 622 3374 repeti.

352 3459 386 3556 §.
440 3459 655 3562 ccccxvu.

82 3583 113 3676 Si
125 3611 203 3662 vero
219 3585 372 3682 ex'srgnis
386 3584 428 3678 (i.
438 3580 654 3675 CCCLXIV.)
670 3583 912 3680 comperiatur,
939 3574 986 3654 se·
1052 3583 1159 3668 pecunia

41 3673 119 3756 brim
133 3715 210 3762 vere
230 3691 373 3778 labicum,
397 3715 556 3788 nempea
577 3691 676 3786 copia
696 3687 901 3769 humorum,
929 3699 988 3754 aut
1001 3671 1160 3788 lalljsssvzf
1217 3761 1220 3769 ,

42 3779 123 3858 lallis
139 3793 179 3864 ad
196 3815 361 3864 mammas
379 3789 533 3886 congesti
559 3785 638 3874 esse,
674 3814 744 3859 non
769 3789 834 3859 alia
855 3787 988 3865 curatio
1001 3787 1087 3876 cette?
1108 3811 1112 3822 ‘
1197 3861 1201 3871 ,

42 3881 178 3966 adhiberi
195 3895 306 3980 debet,
332 3921 435 3992 quam
452 3918 538 3992 quae
554 3914 782 3964 mammarum
798 3888 989 3962 inflamma-

42 3983 128 4060 tioni.
175 3997 349 4069 Resolutio
375 4000 491 4094 itaque
516 3995 612 4067 omni
637 4017 720 4064 cura
740 3989 905 4062 tentanda
930 3984 1159 4110 “ll’allmm'

41 4087 180 4176 Primum
193 4097 409 4186 abstinentia,
437 4100 568 4196 quiete,
593 4094 673 4166 dato
686 4093 766 4189 ¹jure
780 4092 867 4192 pulli
881 4105 988 4174 tenur,

516 4201 570 4270 Ee
593 4219 615 4266 2
879 4185 990 4284 fingu-
