2670 4896
230 240 233 246 ¹
349 275 655 338 ninum.
944 287 994 357 77
1041 253 1050 380 Σ
1108 269 1113 280 ’

2 445 75 526 loris
93 441 227 522 exeeii'u
245 437 316 533 eii,
346 445 383 520 id
397 447 438 518 ad
458 445 563 520 febris
583 449 699 547 potius
724 445 862 535 effeila,
888 477 992 550 quam

0 555 41 626 »d
61 553 157 648 ejus,
180 565 219 622 rt
240 566 390 636 vocant,
417 544 593 622 clientium
610 548 791 650 spoliaret,
821 579 900 626 cum
921 557 993 630 sae·

10 690 67 740 .·‚
102 667 197 752 prout
221 648 342 750 paullo
364 667 444 722 ante
465 653 739 726 animaduersum
762 652 825 740 est,
859 657 992 733 aiebri

4 758 97 830 calor
109 757 154 828 ille
163 769 309 848 praeter
322 767 471 826 naturam
486 750 595 834 abelle
606 755 893 856 deprehendatur.

45 912 77 988 a)
97 907 169 990 Cap.
191 925 221 974 1.
235 891 268 967 rie
280 903 403 991 generali
408 905 488 988 febr.
502 904 626 979 diuilion.

43 996 72 1075 ’)
98 995 193 1056 Initio
214 990 412 1054 atcellionum
433 1011 508 1071 quae
527 1012 543 1052 a
562 990 678 1076 frigore
700 993 860 1074 incipiunt,
889 1015 990 1077 quaru-
1066 991 1070 998 “
1115 1019 1125 1032 ‘

0 1112 12 1131 ι
25 1099 90 1138 ιιιιι
113 1077 234 1160 frigere
247 1073 277 1138 le
299 1077 378 1136 aiant
395 1091 599 1158 aegrotantea;
621 1078 730 1158 nuperi
752 1095 853 1140 umen
869 1076 993 1161 seriptoi
1087 1123 1089 1128 -

0 1183 49 1224 es
74 1161 283 1224 thermometri
306 1179 365 1239 ope
388 1159 575 1222 contendunt
603 1161 774 1238 ostendere,
802 1178 873 1224 tunc
896 1167 989 1230 etiam
1034 1189 1037 1196 ’
1073 1185 1075 1196 “

5 1247 137 1306 anuum
157 1245 250 1305 caloris
269 1243 394 1326 gradum
414 1242 480 1306 eii'e.
520 1248 600 1306 Vera
618 1245 740 1326 quidem
761 1245 876 1324 dicunt,
896 1247 917 1308 fi
936 1268 988 1328 pe·
1068 1289 1071 1296 ·

6 1331 141 1390 ticulum
158 1328 188 1388 io
204 1328 236 1388 iis
255 1325 308 1390 frat
322 1327 548 1401 atceffionibua,
569 1329 602 1390 iu
616 1329 737 1409 quibua,
760 1314 919 1412 antequain
937 1331 988 1392 iri·

6 1433 66 1498 gua
88 1410 291 1496 aggrediatur,
319 1412 402 1491 quod
424 1410 585 1494 saepissime
606 1414 745 1490 vidimue,
776 1416 888 1498 aliquot
906 1417 987 1478 horia

6 1498 90 1582 aegri
100 1499 229 1577 primatu
242 1493 440 1569 incalescunt,
457 1497 684 1578 citatioremque
697 1495 810 1578 pulsum
823 1499 986 1574 exhibent;

8 1601 49 1642 ut
64 1584 96 1643 in
120 1602 161 1643 eo
178 1579 303 1662 frigotia
317 1578 432 1643 febrilis
450 1596 603 1662 ternpore,
625 1599 684 1660 quo
698 1581 758 1658 jam
775 1581 914 1657 mitescit,
941 1605 989 1646 ca·
1021 1603 1023 1608 ’

11 1686 102 1746 «tque
118 1662 181 1730 fele
193 1661 336 1730 exserere
348 1664 460 1746 incipit,
482 1683 532 1727 aut
547 1663 716 1734 demamin
729 1687 766 1730 eo
782 1663 855 1738 calu,
877 1669 908 1728 io
923 1685 986 1748 quo

16 1754 33 1812 li
48 1752 179 1814 horrent
192 1749 334 1830 quidem,
355 1747 404 1811 ied
425 1769 494 1812 vete
515 1765 575 1813 noo
596 1749 724 1833 frigent3
740 1747 816 1814 ’uam
830 1749 916 1833 saepe
933 1751 987 1813 iri·

15 1840 73 1896 oris
97 1831 184 1898 ieniu
211 1835 430 1914 percelluntur,
460 1832 531 1916 quin
558 1850 658 1898 tamen
682 1833 820 1918 frigeant.
871 1840 1005 1906 Verum,

5 1922 119 1982 rnullo
147 1917 355 2000 praecedente
380 1919 482 1982 calorii
507 1933 669 2001 augmento
695 1919 727 1979 in
755 1916 823 2000 ipio'
846 1922 908 1982 veri
936 1915 985 1982 iri·
1109 1919 1112 1928 ’

15 2007 75 2065 orit
98 2003 215 2065 febrilis
239 2003 345 2078 initio,
373 2020 462 2083 atque
483 2005 687 2076 incremento,
719 2023 777 2083 quo
799 2005 984 2083 quartanarii,

0 2107 89 2162 ιιιιιι,
119 2105 167 2148 aut
186 2085 349 2149 tertianarii
370 2083 527 2161 vertantur,
554 2103 605 2148 aut
626 2090 657 2148 ἰιι
676 2087 726 2160 lia,
749 2105 874 2168 quorum
890 2092 984 2150 inem·

8 2193 72 2248 ιιι,
106 2169 172 2232 dum
190 2171 286 2234 iebria
309 2171 437 2246 accedit,
465 2187 567 2252 aperte
592 2173 735 2253 pallent,·
749 2189 781 2236 et
800 2171 886 2232 taliui
911 2192 1006 2234 vere-

20 2257 133 2339 ·igent,
163 2257 343 2336 periclitatio
367 2257 549 2330 instituatur,
579 2272 610 2316 et
632 2255 846 2320 thermometro
870 2256 984 2338 algenti

12 2343 113 2420 orpori
134 2341 254 2402 admoto
274 2341 356 2402 calor
373 2343 561 2419 exploretur,
583 2356 664 2402 cetto
687 2342 793 2403 certius
810 2342 983 2402 imminutus
1039 2367 1044 2378 ·

0 2427 183 2503 nuenietur,
227 2423 478 2506 quemadmodum
506 2425 616 2486 iteratio
650 2426 787 2504 periculis
815 2427 847 2490 iu
875 2445 983 2510 magua
1081 2427 1087 2438 “

3 2505 204 2591 iscipulorum
218 2505 388 2590 frequentia
403 2529 466 2572 non
481 2505 573 2572 [eniel
587 2520 727 2591 expertus
741 2505 812 2571 ium.

425 2655 621 2754 av..

46 2789 91 2857 Ιιι
110 2797 291 2883 peruetere
306 2781 394 2858 libro
411 2789 462 2874 a),
486 2807 589 2883 quem
608 2803 759 2882 putaui
781 2779 848 2855 effe
867 2784 1054 2882 pothi-Alit,
1066 2787 1154 2870 Gabai

9 2903 108 2972 mut,
135 2901 282 2984 quatuor
306 2887 391 2960 aliae
420 2885 635 2960 definitiones
658 2885 763 2958 febris
786 2856 1099 2989 tradunturdfimf'*

8 3011 154 3058 «uarum
166 2991 284 3085 prima,
303 3015 384 3062 nam
397 2992 548 3086 reliquae¹
561 2987 740 3060 breuitatis
754 2983 863 3060 cauila
876 2991 981 3062 omit·

18 3092 26 3104 '
48 3087 156 3161 facile
169 3085 317 3188 poliunt,
352 3088 397 3164 fi'c
419 3089 581 3182 effertur:
609 3091 726 3163 Febris
745 3090 790 3188 ast
810 3094 911 3162 innati
932 3115 982 3162 ra·

11 3223 17 3250 ι
46 3197 77 3264 is
103 3193 280 3266 detlinatio'
293 3196 338 3264 ad
358 3192 495 3294 statum,
530 3196 585 3292 qui
605 3205 740 3285 praeter
764 3206 911 3266 naturam
922 3193 983 3293 ſsi,
1107 3217 1117 3244 ¹

0 3296 131 3391 alpibus
157 3289 282 3392 qaoque
310 3295 585 3368 vehementioribus
609 3319 660 3395 aab
675 3298 882 3367 crebrioribus
908 3296 985 3368 red*

1 3400 81 3464 sur.
126 3399 226 3470 Haeo
250 3393 422 3493 profesto,
461 3396 625 3497 quoniam
646 3409 729 3470 tam‘
743 3396 851 3491 frigus
876 3421 983 3493 quana
1036 3407 1040 3412 ’

14 3498 162 3584 ιῙοιιιιιν,
197 3499 325 3591 algidae
351 3524 472 3596 aeque,
508 3526 548 3572 ac
570 3498 743 3596 ardentes¹²
775 3501 982 3597 ratiumque
1053 3559 1060 3570 .

8 3598 145 3674 ebrium
166 3601 478 3676 intermittendum
498 3617 636 3700 tempus
657 3598 915 3698 eomplellitur,
942 3614 979 3671 eb
1084 3599 1087 3606 ’

0 3703 99 3772 unul
117 3702 252 3801 pulsum
274 3703 586 3786 vehementiorem,
608 3701 911 3799 crebrioremque,
939 3725 980 3774 ex

9 3823 79 3870 ·uo
91 3801 126 3872 de
140 3803 234 3876 febre
254 3803 421 3899 judicium
439 3805 522 3879 ferri
540 3805 643 3891 solet,
670 3829 737 3876 vna
754 3799 1002 3896 conjunstum,
1025 3829 1027 3839 ⁴
1074 3825 1094 3847 ··

7 3902 119 3988 onii,
142 3922 176 3978 vt
190 3909 275 3978 vero
290 3892 518 4004 piopior'est,
532 3903 577 3980 iic
593 3907 770 3978 aMedicis
786 3929 857 3976 non
876 3904 983 4006 facile

25 4036 30 4043 ·
52 4005 120 4096 eri,
142 4025 201 4084 aut
217 4008 344 4110 despici
356 4005 551 4111 debuillet„
581 4015 747 4104 Attameo
762 4031 826 4084 uec
841 4006 927 4110 ipio,
944 3995 978 4179 d

348 4131 350 4134 ·
895 4131 954 4208 qut
