2562 4906
59 358 421 451 “necarau.
457 375 763 437 cauriacum·
896 372 970 456 347
1094 425 1096 434 .

230 557 235 566 ·
351 533 656 639 §..ccixxv.-
701 580 705 592 ›
767 561 770 568 ⁴
862 561 866 570 ·

71 670 179 755 Nona,
199 665 345 755 decima,
369 683 429 740 aut
444 669 646 740 duodecima
664 669 719 741 die
736 667 871 742 sudores
892 667 966 741 bre
1011 681 1139 762 φινκε

37 793 91 854 ver,
111 795 147 842 ac
167 771 373 867 inaequales,
401 786 462 842 aut
485 773 589 858 etiam
603 769 832 869 profusiores,
860 787 895 843 et
919 745 1084 843 reim·

38 873 143 968 pentini
157 888 335 968 emanant»,
361 871 414 943 sed
431 872 562 968 uiscidi,
584 871 716 963 frigidi,
746 892 782 944 et
795 871 967 965 glutinoii,

37 973 179 1069 inprimis
194 989 343 1044 extrema
359 975 514 1071 corporis
532 989 749 1074 occupantes.
799 979 904 1072 Saepe
920 977 967 1048 al·

36 1077 61 1142 ri
74 1073 263 1170 dejeiiiones
284 1076 427 1160 crudae,
453 1075 620 1174 liquidae,
647 1076 789 1173 aquosae
810 1076 966 1170 superne

40 1177 121 1246 niunt.
163 1173 355 1249 Vniueriim
371 1177 479 1272 iudpr,
506 1179 644 1275 aluique
657 1178 762 1250 fluxus
779 1179 967 1276 colliquan'·

40 1276 158 1362 terserit,
182 1277 375 1376 viribusque
387 1276 519 1350 infensi.
571 1285 655 1352 Non
669 1290 747 1354 'raro
763 1297 879 1352 tamen
895 1305 967 1351 rna·

37 1377 80 1446 dor
92 1378 219 1474 quidam
235 1396 367 1478 tepens,
393 1395 504 1452 totam
524 1383 633 1454 cutim
651 1380 858 1480 perfundens
873 1382 968 1472 utilit
996 1431 998 1436 -

38 1473 82 1548 elie
100 1480 285 1566 consueuit,
314 1483 363 1554 vti
388 1497 424 1574 et
447 1484 531 1553 lenis
553 1478 748 1570 diarrhoea,
778 1483 986 1579 quae'deli··

38 1581 119 1668 rium,
150 1599 185 1654 et
208 1584 403 1666 comatosoe
428 1580 568 1656 affeilus
591 1585 728 1657 discutit
752 1586 967 1684 plerumque.

37 1683 108 1754 Circa
122 1683 184 1756 hec
201 1683 314 1757 morbi
328 1683 471 1758 stadium
488 1691 626 1757 Natura
643 1690 828 1786 praecipue
842 1685 967 1772 deficit,

37 1799 154 1856 extrema
177 1787 322 1879 frigent,
350 1813 476 1880 vngues
497 1789 645 1886 palle'nt,
677 1807 713 1862 et
735 1789 861 1874 liuent,
891 1789 968 1886 pul·
1007 1841 1010 1852 .
1039 1843 1041 1853 ,

37 1883 176 1983 ius'parui,
195 1905 231 1960 et
246 1891 372 1960 celeres
387 1891 437 1960 ita
453 1887 550 1973 fiunt,
569 1906 607 1960 vt
622 1891 674 1959 vix
688 1893 829 1990 percipi,
855 1907 891 1960 et
905 1915 969 1964 nu«

38 1991 278 2090 meraripoffint,
304 1988 363 2062 etsi
378 2007 477 2062 ante-a
492 1985 587 2076 lelrti,
612 1991 813 2077 rari-tardi,
841 1993 970 2064 cutim
1011 2082 1016 2086 ἡ

39 2091 238 2164 terminantes
251 2091 408 2180 'luerint3
433 2109 493 2163 aut
515 2095 565 2164 ita
587 2090 771 2177 flustua'mt,
796 2093 968 2181 vacillant,

41 2187 297 2292 interciduntque,
325 2209 362 2264 vt
377 2210 525 2266 mortem
541 2197 575 2264 in
592 2197 787 2295 propinquo
800 2189 863 2265 elle
878 2193 968 2265 dice·
1032 2269 1036 2280 ,

44 2313 82 2362 rti-
117 2299 214 2388 Aegri
233 2289 356 2393 stupidi
372 2295 494 2391 jacent,
512 2312 547 2367 et
562 2296 672 2368 ferme
688 2293 832 2368 senlibus
846 2294 968 2366 orban-

42 2404 85 2464 tur.
113 2455 119 2482 .,
130 2401 293 2499 strepitu,
317 2413 352 2468 et
366 2401 451 2490 lucis
467 2398 618 2498 appulsu,
641 2423 709 2495 quo
721 2392 765 2474 a'b
780 2399 879 2470 initio
894 2398 971 2496 plu·

41 2494 135 2570 rinum
150 2498 439 2598 percellebantur,
466 2501 518 2570 vix
533 2517 618 2571 tunc
631 2518 848 2573 emouentur.
901 2505 969 2571 De·
985 2551 989 2564 .

7 2619 8 2622 ¹
41 2593 125 2672 liriunr
137 2604 315 2700 paullatim
330 2603 497 2704 excipitur
513 2602 688 2700 profundo
702 2602 829 2700 sopore,
848 2617 885 2672 et
897 2599 972 2672 bre·

42 2697 379 2802 iiperpetuoiomno.
435 2707 658 2774 Excrementa
678 2705 762 2789 alui,
793 2705 907 2788 vrina,
934 2717 971 2774 et

46 2793 180 2896 lacrymae
196 2807 336 2906 sponte,
364 2821 465 2902 atque
488 2805 609 2892 inicio,
622 2841 626 2850 =
640 2805 848 2900 nolenteque
866 2827 971 2898 aegrp
1026 2893 1027 2897 Ἰ
1136 2865 1140 2874 ,

41 2903 202 2996 profluunt,
226 2909 485 3004 proximamque
505 2909 596 2978 vitae
616 2901 868 2979 diiiolutionern
891 2926 972 3002 pnr-
1072 2963 1077 2973 ,

42 3005 167 3082 tendunt.
219 3015 407 3082 Tremores
421 3035 512 3094 vero,
543 3006 792 3105 tendinumque
807 3005 972 3078 subsultus

44 3097 175 3193 spasmum
189 3111 286 3208 saepe
295 3105 441 3190 uniuerfi
453 3112 606 3208 corporis
620 3110 861 3194 imminentem
877 3106 973 3201 figni-

43 3197 128 3295 icrut,
143 3240 209 3308 quo
224 3217 318 3284 vita-e
330 3209 426 3284 filum
440 3215 511 3284 cito
526 3207 760 3310 abrumpatur.
792 3211 973 3282 Alterutro
1005 3245 1018 3252 ··

40 3307 111 3380 enirn
125 3339 159 3382 ex
173 3315 226 3386 his
243 3313 365 3400 modis,
393 3311 569 3411 postquam
584 3314 854 3410 quatuordecim,
879 3306 973 3381 cilo·

40 3401 140 3500 decim,
170 3431 231 3487 aut
253 3415 375 3510 viginti
393 3413 481 3502 dies,
511 3419 585 3487 imo
606 3416 716 3488 multo
736 3416 841 3487 etiam
857 3414 973 3516 plures

40 3505 206 3615 inguenne
224 3520 334 3612 aegri,
359 3516 500 3592 tandem
515 3533 673 3618 pereunt.
854 3569 859 3573 -

351 3675 383 3762 r,
435 3675 637 3743 ccuxxvu

74 3794 241 3869 interdum
260 3795 405 3892 stragula
420 3799 563 3896 palpant
576 3799 690 3896 priua,
718 3798 837 3868 inance
855 3795 974 3888 imagi·
1021 3797 1146 3868 Qucum

37 3909 82 3959 nes
100 3895 344 3986 conieiiantur,
368 3899 609 3990 obmutescunt
626 3923 709 3970 voce
726 3897 882 3981 ¹faucibus
898 3862 1148 3998 hae-imi*

37 4009 127 4080 rente,
142 3997 260 4071 faciem
278 4002 452 4074 cadaueris
469 4005 674 4100 exprimunt,
690 4015 727 4070 et
740 3999 863 4091 frigida
876 3997 976 4093 suspi·
992 4013 1045 4086 pua.

37 4090 77 4162 ria
91 4101 250 4194 emittunt
269 4101 310 4178 de
325 4099 482 4204 peilcre,
506 4107 712 4208 plerumque
727 4099 850 4196 mortis
862 4097 978 4204 proxi·

900 4210 985 4270 mae-
