2670 4896
353 403 708 502 arrianum*
767 447 771 470 ⁸
930 435 1002 524 107⁴v

20 613 105 684 solet
129 609 185 683 elle
210 609 460 710 paratissimus,
494 611 518 684 fi
542 640 622 686 eum
650 639 789 687 moeror
812 637 852 684 ex
869 615 998 708 'negata
1040 617 1044 630 '

27 716 79 787 rei
101 731 222 786 amatae
249 713 420 814 potestate
441 714 670 814 subsequatur.
722 713 887 788 Turbato·
905 720 1001 791 enirn

34 816 159 902 cerebri,
207 829 245 886 et
276 837 466 890 neruorum
490 812 601 905 statu,
637 819 849 916 peruertitur
882 835 999 892 motus

33 918 148 1004 cordis3
199 916 432 1005 secretiones,
477 919 750 1014 ex'cretionesque
780 917 923 1004 ornnes,¹
960 925 999 993 in
1028 985 1030 996 .
1075 947 1111 986 a·

24 1019 134 1117 primis
155 1017 244 1091 succi
264 1015 416 1112 gastn'ci,
444 1017 539 1107 bilis,
564 1021 728 1120 lymphae
752 1023 998 1120 pancreaticae,

22 1121 286 1218 transpiratiunis
304 1121 570 1207 imminuuntur,
596 1139 657 1194 aut
676 1115 925 1221 deprauantur3
947 1123 1000 1194 sn·

27 1223 174 1292 libatum
191 1224 336 1320 partium
357 1220 462 1324 rqbur
483 1222 646 1312 soluitur3
679 1221 836 1318 digestio,
865 1225 999 1316 sangui·

37 1325 86 1394 nis
100 1319 201 1411 erasis,
222 1338 259 1397 et
278 1339 396 1398 motus
416 1325 577 1413 vitiatur,
602 1321 714 1424 sicque
735 1327 791 1402 via
811 1323 900 1428 sebri
921 1349 1000 1424 ape·
1059 1385 1067 1404 .

35 1441 122 1496 ntur.

285 1553 289 1561 ·
394 1526 426 1622 n.
458 1529 612 1610 ,nixu

68 1657 164 1734 Quae
191 1679 210 1722 a
236 1678 382 1752 corpore
404 1655 475 1754 ipso
501 1653 695 1740 dimanant,
729 1652 807 1725 sunt
833 1652 1041 1750 quaedam
1064 1673 1170 1726 corpora.

22 1779 138 1854 prauae
153 1751 354 1826 affeffiones
368 1771 441 1828 tam
460 1754 660 1840 fluidarum,
691 1781 794 1854 quam
815 1755 999 1842 solidarum
1025 1741 1037 1774 ⁴
1098 1803 1103 1812 ‚

23 1859 181 1953 partium,
209 1860 359 1956 'propter
388 1883 470 1953 quas
497 1858 538 1930 ad
558 1858 683 1930 febrim
712 1857 850 1954 quidam
878 1861 997 1950 tnagis,

26 1960 151 2051 qudam
189 1961 307 2032 minus
343 1958 522 2034 inclinant.
594 1965 675 2030 Huc
712 1955 863 2056 spesiant
895 1977 998 2046 aetas,
1038 1983 1042 1996 ⁴

31 2075 347 2158 temperamentum,
369 2063 545 2160 plathora,
573 2061 738 2136 viscerum
759 2057 869 2146 labes,
895 2059 999 2158 passio

36 2161 338 2258 hypochondriaca,
367 2180 434 2233 ‘aut
453 2161 639 2260 hysterice,
672 2160 867 2246 scorbutus‚
900 2187 998 2233 caco-

32 2263 171 2357 cby'mia,
200 2265 375 2350 cachexia,
407 2266 479 2336 lues
502 2269 662 2350 venerea,
689 2263 906 2352 rheumatica
926 2263 997 2334 dia·

30 2361 136 2452 thess,
158 2381 264 2464 atque
279 2367 343 2440 alia
357 2367 411 2438 his
425 2364 557 2441 finilia.

310 2591 313 2596 ,
388 2521 420 2618 n.
473 2522 625 2594 xxxvi.
711 2600 713 2606 ,
812 2489 817 2502 “

75 2646 293 2726 Reticendum
318 2629 399 2719 vero
428 2673 499 2720 non
523 2635 584 2734 esi,
620 2633 691 2720 vini
718 2643 854 2720 caussae
878 2673 996 2746 procae
1029 2663 1173 2742 Viscaaffae
1235 2721 1239 2726 ,

35 2745 177 2820 tartli'cae
190 2750 367 2822 interdum
385 2767 518 2824 tantam
537 2746 619 2836 elle,
645 2768 682 2822 vt
703 2749 892 2848 quamlibet
908 2751 994 2846 opti·
1009 2732 1172 2846 {mff

38 2873 120 2921 mam
138 2851 384 2937 valetudinem,
421 2837 623 2948 firmamque
650 2853 804 2951 corporie
833 2849 993 2921 eonstitu-
1009 2869 1065 2912 dum
1093 2867 1173 2915 maxi-

45 2951 157 3020 tionem
169 2955 258 3024 illico
279 2969 451 3040 euertere,
479 2970 581 3049 atque
596 2957 631 3024 in
654 2952 828 3026 aduersam
845 2975 996 3024 commu·
1012 2947 1074 3042 Μ’,

46 3063 111 3119 tare
121 3053 216 3152 possit.
269 3057 372 3155 Spina
386 3055 494 3148 digitu
514 3057 609 3154 pedis
632 3053 731 3126 infixa
753 3069 890 3129 tantum
913 3055 1001 3125 enci·
1030 3125 1033 3130 .

39 3168 107 3222 tare
115 3155 217 3252 potest
232 3155 377 3244 doloris,
400 3175 437 3227 vt
454 3155 557 3230 sebris
573 3160 720 3243 oriatur,
747 3163 861 3227 totum
875 3160 1012 3254 corpur(

36 3255 177 3346 rigescat,
203 3273 239 3330 et
261 3257 389 3357 spasmo
411 3255 565 3346 indutio,
593 3275 867 3353 autgangraena
888 3258 999 3330 succe
1095 3337 1098 3342 ¹

40 3355 140 3446 dente,
171 3360 216 3432 ad
239 3360 422 3433 interitum
443 3363 649 3460 perducatur
676 3377 867 3453 aegrotans.
919 3363 1000 3457 Pros
1102 3357 1104 3362 ’
1159 3407 1163 3416 ‚

40 3459 137 3552 pinara
150 3488 297 3548 venena,
324 3478 360 3534 et
374 3467 534 3534 venenati
548 3465 691 3550 halitus,
719 3463 880 3553 maligni,
901 3460 1000 3559 pesli-

38 3557 129 3632 lentes
143 3589 204 3634 ore
219 3565 389 3662 inspirati,
419 3581 477 3638 aut
496 3565 674 3658 deglutiti,
699 3568 867 3634 autentis
890 3563 1035 3656 rascnwh¹

38 3659 69 3728 lis
83 3663 225 3762 absorpti
243 3665 458 3759 sanguinem,
486 3667 685 3766 lympham,
713 3681 749 3736 et
773 3681 906 3737 ceteros
928 3665 1004 3737 lati·

46 3784 85 3832 ces
107 3768 322 3866 quoscunque
339 3769 513 3840 *celeriter
539 3767 718 3854 inliciunt,
760 3779 1004 3865 corrumpunt·
1112 3807 1151 3858 χῚ

46 3885 108 3958 que3
129 3886 189 3940 aut
208 3871 306 3940 villos
324 3872 452 3955 cordis,
480 3873 699 3964 arteriarum,
723 3885 783 3940 aut
806 3867 1004 3955 ventriculi,
1040 3883 1042 3894 '

42 3963 232 4066 aliorumque
250 3971 417 4044 uiscerum
435 3974 527 4044 varie
545 3975 701 4058 irritant,
728 3985 765 4040 et
780 3971 1001 4054 contrahunt,

38 4083 87 4136 aut
104 4085 223 4142 contra
245 4073 413 4160 relaxant,
446 4089 481 4144 et
501 4074 655 4160 soluunt,
691 4089 752 4144 aut
780 4097 858 4146 mox
881 4096 1003 4144 neruu-

37 4191 100 4242 rum
120 4175 306 4268 originem,
338 4179 479 4274 vimque
499 4175 659 4262 laedunt,
689 4175 908 4258 conuellunt,
944 4182 1005 4243 aut

806 4273 1003 4361 destruunt,
1020 4363 1022 4367 ι
