2580 4904
79 393 82 404 ,
203 317 206 328 ’
303 339 440 422 458,
616 349 992 399 ιιιιηιιιιινι..

240 599 244 612 ⁸
280 516 437 612 pineto.
472 509 667 584 Necsemel
680 509 837 598 teritum,
861 503 1044 584 'vbimultr
1056 506 1263 602 grstricacr·

304 615 465 710 coehylia
479 611 534 697 est,
561 609 686 684 sufficit
705 617 877 686 vomitum
890 613 1067 709 prolicere,
1091 613 1256 684 selimer-
1285 632 1286 635 ’

306 713 390 788 dum
404 715 462 786 id
454 717 582 804 pretori,
606 729 712 815 prout
726 741 781 786 res
794 717 907 806 exigit,
927 739 1014 812 opur
1029 711 1096 786 est„
1136 713 1256 788 Ennea

294 843 384 917 ,per
381 793 632 890 breuiorem
600 841 700 891 mem
702 817 926 913 ercoebylin,
956 818 1120 914 proponit
1135 843 1254 886 risco·

276 973 278 980 .
309 943 405 990 τινι
421 916 714 990 Temarindorum
734 920 811 990 lene
832 913 1031 1004 decubium,
1064 919 1119 991 vel
1139 919 1249 1014 aliquot

306 993 480 1092 Cremoris
501 1024 591 1090 Tirt
593 1045 643 1092 arr
632 1019 841 1092 drachmas
862 1016 1019 1114 lingulis,
1051 1021 1108 1090 vel
1129 1020 1242 1092 alternis

245 1195 250 1202 ,
292 1120 426 1223 'diebus
441 1119 638 1206 sumendum
665 1119 800 1218 quibus
809 1137 844 1192 et
862 1119 985 1192 blande
998 1121 1095 1210 aluus
1115 1120 1249 1205 ducum,

142 1213 152 1242 i
189 1303 215 1314 Η
307 1239 345 1296 et
354 1223 452 1296 calor
468 1237 758 1318 contemperetur,
777 1237 813 1293 et
827 1222 1013 1322 putredini,
1023 1199 1254 1318 dllcalinaeque

307 1309 590 1418 degenerationi
586 1339 797 1401 occurratur.
853 1350 1087 1396 ιιοιιιιιιιινε
1102 1325 1255 1441 ingemit

307 1427 530 1504 consecutum
554 1423 618 1494 elle
639 1423 755 1498 scribit
775 1425 1049 1500 emolumentum
1068 1450 1107 1504 ex
1124 1429 1257 1498 mixtura

291 1527 471 1644 quadam,
503 1535 590 1623 quae
609 1524 713 1600 hebet
732 1553 855 1626 uquam
875 1528 1010 1614 scordii,
1037 1529 1257 1614 theriacalen,

222 1637 224 1644 '
277 1649 281 1657 ’
306 1632 416 1700 totius
433 1629 541 1712 citri,
554 1627 590 1698 et
608 1627 805 1701 rhabarbari
825 1629 1017 1720 tantillum,
1043 1647 1105 1701 out
1122 1629 1260 1726 ejusden

242 1805 246 1808 ,
300 1721 489 1826 -Iyiupum,
514 1729 723 1804 cochleatim
748 1745 824 1804 toto
845 1732 956 1835 morbi
979 1732 1121 1814 decursu
1147 1732 1259 1807 identi-

307 1832 388 1904 dem
404 1830 513 1929 ἆιιι,
521 1847 557 1904 et
571 1829 640 1910 stne
658 1859 697 1904 ea
714 1849 896 1930 argentum
916 1829 1049 1924 ¹viuum,
1074 1833 1170 1932 quod
1185 1834 1258 1905 sum·

307 1945 407 2006 mum
428 1936 617 2020 vermium,
643 1950 679 2005 et
702 1925 851 2012 febrium
872 1935 950 2006 Inde
966 1952 1122 2010 ortarum
1139 1936 1258 2008 antido·

307 2035 560 2122 concelebrat,
578 1989 771 2111 adhibitum
789 2033 911 2114 frustra
926 2033 1032 2124 Iuille,
1051 2037 1255 2135 palamne·

228 2153 232 2166 ⁴
249 2176 252 2186 ι
307 2149 387 2224 tur3
410 2141 493 2214 adeo
506 2153 541 2230 et
557 2139 591 2236 ip
595 2137 625 2210 Ie
595 2133 855 2209 Inecellariem
868 2141 1039 2254 comperit
1057 2141 1127 2212 alui
1136 2138 1255 2211 dudio·

193 2255 195 2260 ·
307 2265 408 2325 nem,
435 2265 537 2336 quam
558 2239 677 2314 datum
695 2241 783 2318 illud
800 2229 1094 2339 medicamentum
1115 2267 1183 2346 per
1204 2240 1254 2344 epi·

191 2397 201 2426 ,
308 2365 379 2414 cra
369 2338 417 2415 ιιι
438 2338 639 2442 praestabit.

599 2493 682 2592 ,ι
735 2501 933 2572 cccxcm.
1016 2497 1018 2507 ’

138 2649 244 2720 W&
255 2665 302 2703 me-
328 2690 334 2732 ι
361 2644 426 2718 Sed
448 2671 551 2736 nemo
572 2641 709 2720 lortoll'e¹
723 2650 793 2720 alui
806 2609 1034 2721 dutiionem'¹
1021 2675 1058 2722 ιιι
1076 2643 1249 2746 hujusmodi

138 2720 233 2773 ‘⁶⁰⁴⁸'
310 2745 407 2821 febre
422 2719 528 2867 pluiis
544 2749 637 2836 fecit,
664 2776 765 2870 quam
785 2776 1023 2823 rtrrsrrnvs.
1075 2757 1107 2822 ls
1123 2767 1252 2850 prreter

305 2851 402 2949 lapso
382 2853 530 2922 uetiam
553 2851 683 2924 morbi
689 2855 860 2952 principio
883 2853 920 2924 in
942 2851 1101 2926 omnibus
1123 2852 1252 2946 gastrim

193 2979 196 3010 ¹
288 3025 293 3032 ,
308 2951 511 3037 febribus
503 2977 574 3027 ιιιιο
589 2956 626 3026 1ιι
642 2957 788 3051 malignis
805 2953 990 3054 quibusque
1010 2957 1254 3038 exonthrmotiris,
1286 3023 1287 3048 ,

309 3067 347 3128 et
364 3053 628 3148 petredizontibus
647 3059 698 3148 (§.
720 3060 965 3128 CCCLXXXII.
992 3057 1252 3158 CCCLXXXII)
1286 3059 1287 3138 ξ

215 3196 218 3204 ·
239 3194 246 3209 x
309 3153 469 3251 cujusque
485 3159 605 3228 aetatis
621 3149 788 3244 bomines,
805 3159 959 3278 itemque
971 3183 1106 3256 pueros,
1123 3173 1161 3232 et
1175 3183 1249 3260 puer·
1286 3147 1287 3190 ³

276 3325 279 3334 .
308 3278 407 3356 petas
429 3257 677 3346 adorientibus,
703 3261 911 3432 experientia
931 3287 1122 3370 wnoprnr
1143 3245 1246 3336 Metiri

119 3373 120 3380 ’
217 3436 220 3449 ‚
309 3347 514 3432 Lubeccens
504 3385 530 3431 s
549 3387 618 3434 non
633 3359 803 3454 ignobilis
830 3361 903 3433 ets
898 3387 940 3435 ue
960 3333 1115 3448 confisus,
1142 3359 1247 3468 magnis

203 3471 205 3476 '
309 3457 413 3532 effert
428 3459 583 3534 laudibus
601 3465 810 3560 peculiarem
832 3463 1036 3564 quamdam
1038 3463 1202 3541 medendi
1220 3488 1251 3536 ιι

308 3563 460 3650 tionem,
486 3589 571 3662 quae
593 3565 788 3639 nonl'olum
807 3565 849 3636 ad
870 3591 925 3636 ees
941 3566 1124 3652 curandas,
1151 3587 1254 3638 veron

71 3753 73 3764 Ι
89 3725 90 3732 ,
290 3741 295 3749 ,
311 3666 419 3734 etiam
433 3664 476 3739 ad
488 3689 544 3738 ers
559 3691 598 3738 ex
611 3668 794 3762 malignis
785 3693 823 3740 ιιι
845 3665 1008 3760 benignis
1023 3668 1254 3742 conuerteodrs

126 3835 128 3842 ,
186 3829 187 3833 ,
310 3765 502 3862 plurimum
523 3768 650 3840 valere
653 3767 795 3840 dicitur.
871 3775 1010 3867 Nempe
1028 3770 1132 3842 sumit
1156 3775 1254 3870 Ipecr·

310 3865 481 3938 cuanhrr'u
498 3893 517 3939 ι
531 3869 690 3967 scrupulo
706 3895 774 3944 vno
793 3869 836 3942 ed
851 3871 1051 3944 drachmum
1072 3871 1170 3944 semis
1190 3893 1255 3944 cum

177 3996 181 4011 ·
309 3990 435 4075 rrcrno
457 3967 632 4066 duplicato
652 3969 773 4068 probe
783 3974 986 4058 contritam,
1002 3989 1051 4050 et
1071 3973 1173 4046 diluit
1195 3995 1255 4044 ern

309 4065 418 4218 aquae
430 4070 562 4148 cerdui
568 4061 738 4148 benedidi
752 4076 875 4148 vnclis.
883 4073 1011 4180 tribuo,
1034 4079 1090 4150 rel
1099 4091 1260 4177 quatuor.

1215 4181 1255 4252 Dr
