2564 4914
266 307 814 416 contraponantur:
944 332 1018 425 30⁴7]

257 477 282 526 ¹.
329 538 381 598 χ
465 498 606 602 Coufflred
663 499 678 605 J
743 601 746 612 ι

394 629 426 728 §.
480 631 671 706 CCXXXV.
996 677 1001 688 ·
1071 701 1073 705 .

106 751 380 852 Caussas‘easdem
398 755 520 844 habet,
557 783 639 856 quas
656 759 834 852 Epiemero
858 759 905 850 (s.
921 763 1013 855 CC.)
1064 793 1066 810 ·
1100 815 1103 822 ,

64 858 110 934 sed
129 860 272 933 validius
283 875 442 952 agentes,
469 873 529 931 aut
543 861 733 952 grauiores,
761 862 1015 964 incidentesque

65 959 93 1034 in
107 984 229 1062 corpus
246 981 315 1032 non
331 961 469 1058 quidem
484 963 671 1060 impurum,
696 963 751 1034 sed
767 961 926 1057 sanguine
940 983 1014 1039 tur·

51 1083 154 1160 ¹pens,
198 1063 518 1162 autv'cholericum‚
562 1063 693 1134 autad
723 1061 1016 1142 efferuescendunt

66 1166 187 1238 aliunde
209 1163 406 1264 procliuius.
459 1166 554 1236 Hine
574 1163 646 1259 ejus
661 1167 766 1238 etiam
783 1166 1016 1265 symptomate
1059 1229 1064 1247 ,

68 1263 124 1340 sere
145 1268 361 1340 conueniunt
375 1289 454 1336 cum
477 1267 529 1352 iis,
554 1285 640 1362 quae
658 1268 695 1338 in
710 1267 872 1361 ephemera
888 1267 953 1340 esse
967 1273 1017 1344 so·

65 1373 140 1458 ient,
177 1369 244 1463 hoc
271 1367 381 1440 solum
407 1365 630 1458 discrimine„
651 1367 742 1465 quod
765 1372 942 1463 ephemera,
976 1386 1016 1444 vt

64 1473 169 1571 paullo
184 1487 264 1542 ante
277 1467 417 1554 tradidi,
440 1485 583 1567 repente
601 1473 764 1568 corripit,
789 1487 827 1542 et
848 1471 960 1563 breui,
988 1471 1015 1546 si
1097 1495 1102 1505 ’

63 1575 140 1646 vltra
153 1573 435 1670 vigintiquatuor
449 1572 550 1643 horas
564 1571 775 1658 extendatur,
801 1576 920 1646 mitior
935 1599 1013 1645 cua·

64 1675 122 1761 dit,
151 1673 317 1772 breuique
334 1674 499 1759 remittit,
531 1697 642 1772 neque
657 1674 740 1754 adeo
756 1677 945 1761 intensum,
976 1691 1016 1748 vt

1 1781 2 1784 ’
64 1783 96 1848 ab
121 1777 242 1860 initio,
282 1775 432 1846 calorem
463 1777 628 1846 comitem
659 1775 774 1846 habet.
834 1777 1014 1874 Synochue

63 1891 175 1950 contra
187 1877 325 1948 sentiori
339 1869 443 1974 passu,
468 1891 504 1948 et
518 1875 627 1947 veluti
642 1876 851 1972 pedetentim
866 1881 1015 1980 ingredi·

63 1995 126 2064 tur,
154 1993 257 2076 atque
276 1981 312 2048 in
328 1978 398 2048 dieu
417 1977 593 2048 inualescit
607 1977 649 2048 ad
670 1992 826 2076 quartam
844 1981 960 2076 vsque,
987 1979 1014 2057 ii

63 2081 193 2179 septima
209 2079 263 2150 die
279 2077 427 2150 finienda
448 2075 505 2162 fit,
535 2077 617 2149 inde
638 2080 816 2175 paullatim
839 2081 1013 2173 decrescit,
1094 2095 1098 2100 ’

63 2201 91 2254 et
105 2182 233 2255 sinitur.
287 2185 377 2284 Raro
397 2183 532 2266 euenit,
558 2195 597 2252 vt
617 2179 676 2250 diu
698 2183 734 2252 in
761 2181 882 2255 eodem
905 2183 1014 2276 gradu

64 2283 225 2370 consistat,
253 2284 362 2354 donec
376 2281 513 2354 tandem
532 2307 570 2353 ex
583 2296 661 2354 toto
681 2281 831 2354 decedat.
882 2285 915 2354 Si
931 2309 1014 2357 vero

64 2403 172 2483 quarta
188 2387 242 2458 die
258 2383 341 2460 solui
356 2383 486 2470 debeat,
504 2382 729 2474 haecomnia,
748 2387 796 2458 vti
812 2399 918 2486 patet,
941 2409 1013 2458 ma·

64 2489 163 2562 turiue
176 2489 395 2580 contingunt.
437 2489 626 2578 ⁴Quoniam
643 2513 724 2560 vero
740 2487 876 2560 eaedem
900 2489 1011 2559 omni·
1085 2491 1090 2503 ⁴
1141 2571 1155 2583 ·

65 2615 101 2662 no
126 2588 252 2673 caussae
274 2591 409 2685 vtrique
434 2588 538 2675 febri,
572 2590 782 2686 ephemerae-
799 2589 943 2674 scilicet,
977 2601 1014 2661 et

65 2692 202 2788 synocho
223 2690 368 2789 smpsici
386 2715 586 2762 communes
607 2690 702 2776 sunt,
726 2689 837 2762 sedin
861 2690 1012 2786 synoche

67 2795 205 2880 validius,
229 2793 421 2889 diutiusque
436 2789 689 2888 quodammodo
704 2801 862 2883 agentem
883 2787 1012 2862 necesse

66 2895 112 2982 est,
136 2917 171 2970 vt
189 2897 421 2994 symptomata
438 2893 556 2965 eadem
571 2915 706 2990 quoque
724 2887 927 2988 inutraque,
955 2891 1013 2966 sed

65 2997 94 3068 in
111 2999 170 3072 hac
188 2998 446 3069 vehementiora
460 2994 720 3092 consequantur.
771 2991 1012 3068 Hincsasium
1083 3035 1087 3056 ·
1179 2991 1182 3016 ¹

65 3096 112 3184 est,
130 3117 165 3172 vt
179 3127 198 3172 a
211 3097 409 3198 quibusdam
422 3114 495 3170 tam
509 3113 676 3182 veterum,
699 3119 800 3198 quam
818 3095 1012 3175 recentium

65 3199 80 3268 s
96 3202 218 3274 nochus
240 3203 325 3272 haee
345 3199 452 3271 veluti
471 3199 674 3298 ephemerae
694 3194 860 3270 intensior
874 3192 1009 3291 gradus,

64 3224 121 3375 siue
133 3299 312 3404 produsiio
328 3300 399 3398 ejus
419 3303 584 3400 quaedam
600 3299 778 3372 habeatur.

135 3431 174 3480 θ
381 3427 414 3543 ᾗ.
467 3431 672 3500 CCXXXVI.

102 3557 236 3627 Praeter
258 3554 333 3626 illas
358 3553 501 3650 synochi
527 3548 759 3637 differentias,
800 3576 882 3648 quas
911 3549 1009 3648 supra
1030 3545 1099 3634 As?
1109 3529 1179 3618 one·
1265 3597 1267 3606 ·

62 3651 95 3740 (s.
112 3656 328 3746 CCXXXIV.)
350 3656 642 3750 memorauimu3,·
656 3674 720 3752 pro
743 3632 931 3724 caussarum
953 3633 1118 3750 va7'‘””⁴'‘

62 3757 181 3844 notate,
200 3783 286 3855 quae
299 3782 374 3828 eam
390 3747 556 3839 efficiunt,
576 3756 661 3828 aliae
674 3756 789 3840 etiam,
808 3770 910 3852 atque
923 3747 1008 3825 aliae
1064 3807 1068 3822 s

61 3855 277 3933 distinetiones
299 3861 470 3930 oriuntur.
524 3861 643 3939 Quare
670 3858 736 3926 alia
762 3853 808 3926 est
824 3853 1008 3952 firaguioeo',

60 3953 299 4056 fiue'plerdorica
314 3961 365 4052 *),
390 3957 634 4041 eliminium,
659 3954 727 4028 fiue
741 3963 855 4028 ardens
875 3958 938 4051 fine
951 3979 1007 4050 pr·
1111 4026 1115 4034 ,

60 4058 139 4134 eiodo
154 4064 219 4157 **),
244 4053 339 4134 etsie
351 4082 477 4159 potio,=
493 4075 531 4132 vt
545 4059 587 4130 de
600 4060 787 4158 ephemera
798 4055 926 4131 disium
942 4055 1007 4144 est;

530 4164 614 4234 Vt
905 4161 1005 4232 item·
