2728 4918
1080 295 1142 360 11,

70 469 172 551 bene
181 459 312 548 auritis
333 464 560 548 consociari
576 463 787 548 consueuit
844 467 942 548 Rern
955 466 1162 578 equidem,
1270 500 1272 508 ’
1318 469 1331 500 “

48 669 52 678 ,
77 607 250 686 magnam,
276 597 324 660 et
345 578 623 686 perdifficilem
648 579 744 662 rnihi
761 581 887 678 suino,
911 575 1060 670 sortasse
1076 588 1152 664 ina,
1246 609 1250 618 ¹

85 691 300 780 miscente
324 698 465 793 nimis,
481 721 554 774 nec
571 691 653 774 satis
669 693 913 804 prospiciens,
940 699 1042 806 rapiti
1054 698 1141 806 quiri
1175 718 1182 752 ’·
1240 711 1242 724 ’

84 811 192 890 undoni
212 810 361 910 amm,
393 808 582 916 quidserre
600 810 761 916 recusenta
787 833 879 888 cunr
903 813 955 892 in·
968 828 1048 902 tota
1063 810 1137 894 bac

82 921 283 1006 Medicinae
313 919 512 1004 Pradiicae
549 919 770 1028 ampliffirna
795 927 995 1029 prouincia
1031 919 1137 1008 nulla
1227 961 1229 966 ·

78 1033 191 1118 senne
204 1035 274 1118 adia
289 1061 357 1118 res
375 1034 508 1138 exstet,
525 1057 621 1144 quae
637 1033 749 1142 plane
763 1055 830 1116 aut
844 1033 1051 1136 obscurior,
1068 1057 1137 1120 aut
1231 1043 1234 1052 ’

79 1148 304 1258 irnpiicatior
325 1149 398 1230 ista
414 1145 474 1245 s1t3
504 1147 612 1258 quod
629 1145 831 1232 iamabeo
844 1167 1030 1256 ternpore,
1051 1178 1135 1262 quo
1352 1155 1353 1162 ‘

87 1270 243 1372 primurn
277 1261 418 1344 adhuc
453 1259 668 1348 adolescens
701 1261 931 1350 rnedcinam
958 1289 1138 1348 exercerc

91 1383 209 1484 coepi,
252 1403 345 1458 non
370 1375 496 1487 modo
520 1372 629 1479 sensi,
660 1373 725 1457 sed
749 1405 798 1460 ex
821 1374 887 1456 vsu
911 1380 1025 1458 etiam
1050 1377 1134 1484 ipso

82 1487 350 1596 comprobani.
412 1495 615 1599 Namque
638 1488 764 1596 piures
784 1487 971 1594 auctores,
1003 1495 1070 1602 qui
1084 1490 1135 1574 do

78 1599 242 1687 febribus
266 1599 508 1712 scripserant,
544 1601 808 1700 consulebam,
837 1629 887 1714 oo
912 1604 1134 1705 majoribuS,
1205 1631 1209 1636 ·

82 1715 397 1827 densioribusque
419 1711 605 1813 ‘tenebris'
622 1741 720 1824 pene
748 1716 991 1832 inuoluebar3
1033 1717 1134 1804 adeo

84 1831 285 1931 discordes,
314 1830 603 1942 pugnantesque
623 1835 665 1911 in
688 1829 889 1928 statuendis
906 1829 1135 1941 plerumque
1205 1915 1207 1922 .
1261 1931 1267 1952 .

84 1971 218 2028 earum.
228 1951 362 2046 notis,
391 1942 542 2048 cauffis,
574 1953 613 2025 et
635 1942 900 2047 curationibus·
915 1944 1011 2028 mihi
1033 1944 1134 2026 vide·

85 2059 224 2139 bantur.
286 2063 377 2139 Nec
398 2057 551 2139 deerant
570 2076 768 2165 praeterea,
792 2062 1036 2168 quiomnes,
1057 2057 1135 2140 eas-

98 2199 167 2281 que
182 2171 390 2278 permultas
407 2167 548 2274 febres,
572 2169 700 2282 quales
724 2169 849 2277 reapse
873 2171 1056 2273 existunt,
1084 2169 1134 2258 ad
1229 2175 1237 2196 '

91 2310 198 2392 pauca
243 2284 439 2396 quaedam
470 2309 607 2396 genera
643 2281 865 2367 contrahere
904 2283 1135 2388 nitebantur,

91 2399 177 2480 durn
191 2398 410 2480 contr-eant
426 2398 472 2480 ad
488 2396 614 2480 multo
629 2397 733 2506 pinta
752 2397 1017 2504 extendebant,
1033 2397 1134 2478 mul·

90 2511 246 2594 tisanam
268 2539 333 2596 eas
353 2511 584 2627 diuidentec,
626 2531 664 2592 et
688 2507 989 2615 subdiuidentcs',
1019 2515 1067 2593 ita
1091 2529 1135 2592 vt
1246 2581 1250 2588 ⁴

92 2652 169 2706 non
182 2626 271 2708 leue
287 2629 493 2731 negotium
510 2643 569 2728 tot
590 2625 856 2732 partitionibus
877 2624 973 2708 mihi
990 2621 1135 2731 facesse*

92 2760 178 2822 rent.
236 2745 346 2822 Nam
363 2735 389 2820 fi
405 2744 549 2846 prirnos
561 2739 667 2848 sequi
684 2735 872 2836 uolebam,
901 2738 996 2819 illud
1010 2733 1137 2820 niaxi-

94 2880 152 2934 me
168 2851 351 2948 obstabat,
381 2851 487 2963 qood
509 2855 739 2959 experientia
763 2857 839 2933 iarn
856 2863 1137 2958 compereram,
1253 2862 1255 2866 ‘

100 2972 215 3073 paucis
233 2971 403 3077 omnino
418 2965 616 3072 generibus
633 2961 762 3050 febres
773 2983 924 3082 ornnes,
949 2990 1041 3074 quas
1058 2963 1136 3045 Cli·

94 3083 185 3162 nicis
208 3086 248 3162 in
271 3081 355 3162 dies
381 3079 507 3160 videre
524 3083 727 3184 contingit,
755 3077 1033 3184 comprehendi
1048 3095 1160 3186 non·
1235 3112 1247 3127 ²

91 3192 203 3302 posse,
231 3221 327 3274 cum
353 3219 480 3276 reuera
504 3191 585 3276 non
610 3219 750 3300 paucae
766 3193 862 3274 mihi
878 3209 1157 3302 occurrereng‘

92 3335 193 3420 quas,
220 3303 288 3388 etsr
316 3327 457 3410 natura,
485 3326 522 3388 et
541 3305 859 3414 symptomatibus
883 3301 1134 3387 discretae‘es-

92 3423 187 3524 sent,
216 3416 409 3506 contundi
433 3447 505 3501 vna
528 3439 741 3528 oporteret,
778 3415 804 3501 sa
829 3417 1051 3520 hujusmodi
1075 3416 1135 3499 di·
1246 3475 1274 3494 „

96 3531 300 3616 vifionibu'n
335 3559 384 3614 ex
420 3533 503 3617 solo
538 3533 713 3636 arbitratu
750 3526 931 3642 profetiis
958 3531 1133 3614 standum

92 3647 219 3733 fuisset
281 3653 413 3754 Qrate
437 3647 754 3744 consequebatur,
780 3665 821 3728 vt
843 3647 890 3728 ad
912 3644 1047 3731 alteros
1069 3671 1135 3728 me
1226 3743 1230 3748 p
1309 3638 1313 3648 ’

96 3783 370 3864 conuerterern,
399 3787 614 3872 eorumque
626 3751 874 3867 ampledderer
887 3759 1028 3866 partae,
1054 3757 1136 3866 sed,¹

103 3877 259 3989 nequid
296 3881 606 3984 praetermittant,
649 3873 874 3984 subuerebat
895 3893 1046 3978 tamen,
1081 3897 1136 3954 ne

103 4013 169 4075 non
186 3987 402 4076 dissuttiones
423 3987 469 4072 ab
491 3994 536 4074 iis
553 3993 802 4096 excogitatae,
823 4007 862 4074 et
878 3985 1031 4073 traditae
1048 3983 1135 4092 plu·
1163 4058 1166 4062 ,

254 4149 256 4156 <
617 4105 638 4146 ἦ
670 4131 692 4211 5
852 4135 853 4138 ¹
1032 4179 1036 4190 ,
1073 4119 1132 4178 red
