2670 4896
902 169 1144 228 ,η’

137 477 264 500 ‚N
332 377 456 492 η’
611 386 1023 506 annaqa'a'·

333 585 413 670 quod
435 584 539 655 clauim
557 583 672 663 patebit
694 586 726 648 in
747 529 944 662 sequentibus.
987 545 1092 646 Multis
1111 578 1202 646 etiam
1227 587 1332 650 mod

185 748 204 760 ..
286 733 300 747 ,
331 667 707 750 hujusmodi-velocitatem
734 659 850 733 intendi
880 667 943 728 stne
971 663 1066 748 febri,
1101 664 1184 750 supra
1213 670 1332 736 indic

245 829 256 842 1
330 759 443 818 vimus:
469 775 515 816 en,
527 775 586 834 quo
604 752 714 836 liquet,
735 757 766 814 nl
780 754 884 823 failor,
907 769 969 811 non
989 751 1029 812 ita
1050 771 1118 812 cum
1137 771 1173 814 ea
1191 749 1332 817 febr-en

331 859 362 903 ut
383 839 500 920 quidam
523 853 710 919 reputarunt,
741 837 901 899 neceffatio
926 835 1069 897 conuelli.
1117 837 1222 899 Paullo
1258 859 1332 902 ant

331 925 704 1006 etiam(§t1li.iaaut.)
729 922 896 1002 generatim
920 924 1065 984 monitum
1091 917 1151 998 est,
1184 920 1332 1002 pullutat

322 1008 532 1090 'freqttemiam
564 1028 618 1088 pro
646 1005 749 1071 aetatis
777 1009 891 1070 ratione
921 1003 1029 1084 vatiam
1060 1001 1221 1068 admodum
1257 1006 1332 1070 effi

212 1079 222 1149 ἰ
329 1095 418 1159 Nunc
441 1091 525 1163 addo,
561 1093 675 1154 variare
695 1093 784 1176 etiam
808 1111 870 1151 non
892 1107 996 1170 parum
1016 1107 1069 1185 pto
1088 1083 1186 1168 lextra,
1220 1095 1332 1173 regi(

330 1178 393 1250 nis,
420 1167 600 1258 tempestatis
619 1177 706 1254 anni,
733 1172 981 1256 temperamenti,
1009 1173 1162 1254 animique
1181 1190 1332 1243 motuum

297 1315 301 1324 .
330 1263 460 1336 tatione,
485 1279 525 1322 ne
549 1255 621 1341 quid
642 1259 738 1321 dicam
759 1258 799 1320 de
819 1255 918 1320 catallis
941 1275 1007 1318 eam
1026 1257 1221 1340 augentibus,
1249 1279 1332 1339 qua

328 1345 421 1408 modo
452 1344 509 1425 (ζα
520 1344 577 1423 Χ.)
603 1343 851 1420 commemoraui,
888 1340 960 1420 quin
991 1356 1091 1402 tamen
1117 1339 1209 1404 febris
1237 1363 1332 1423 prae

256 1457 260 1470 ¹
328 1427 454 1493 lentiam
481 1426 655 1510 significent.
715 1427 814 1489 Attuli
841 1440 1013 1505 praeterea¹
1058 1425 1128 1506 quid
1155 1443 1332 1490 aversatur

328 1531 405 1590 anve
427 1509 597 1576 deliniuerit
615 1511 655 1574 de
674 1508 864 1592 frequentiae
884 1504 980 1590 pollue
1000 1507 1109 1592 gradu,
1136 1512 1186 1592 qui
1204 1508 1332 1576 febrin

324 1597 485 1695 defigoqr'e
502 1595 610 1660 debeat
616 1617 627 1670 ;
654 1591 704 1657 l'ed
723 1593 807 1658 stmul
829 1595 929 1667 innui,
958 1596 1116 1668 rationem,
1147 1614 1239 1674 quam
1265 1597 1332 1678 ipl

192 1725 197 1735 ,
257 1677 261 1698 ¹
326 1679 422 1764 poluit
444 1697 522 1742 natet
545 1677 744 1760 frequentiam
765 1679 943 1754 naturalem,
978 1692 1010 1738 et
1031 1673 1194 1756 febrilem,⁴
1220 1679 1332 1746 incer

329 1781 387 1827 tam
406 1761 480 1836 effe,
502 1781 559 1832 neu
571 1781 674 1824 tutam.
715 1763 854 1842 Accedit,
878 1761 957 1843 quod
971 1761 1027 1825 hac
1041 1757 1099 1842 ipsa
1113 1762 1152 1823 de
1173 1781 1208 1823 re
1228 1768 1332 1844 pluri

326 1869 409 1912 anum
438 1851 517 1910 inter
551 1846 580 1910 le
615 1844 781 1910 difl'en'tiant
810 1846 1001 1910 celeberrimi
1037 1844 1212 1925 scriptoteS,
1267 1871 1332 1915 net

326 1939 489 2018 proptereat
503 1932 661 2014 quidquam
674 1934 767 2008 certi,
789 1949 820 1994 et
835 1933 971 2013 perpetui
989 1927 1071 1992 statui
1093 1931 1200 1996 liceat'
1231 1951 1332 1998 tann-

325 2035 434 2084 Leuvs
458 2015 664 2090 cetrilltmum,
695 2016 926 2098 tutiffimumque
947 2013 1041 2077 febris
1067 2014 1197 2076 indicem
1225 2036 1332 2098 tepu-

326 2103 400 2164 tauit
426 2099 539 2184 pullum
563 2103 668 2178 illum,
697 2101 749 2182 qui
773 2103 851 2164 intra
875 2101 1020 2162 minutum
1048 2100 1175 2181 primum
1201 2103 1332 2166 centies

323 2183 427 2269 pulset.
477 2185 537 2248 Sed
560 2181 753 2248 fallacillimua
780 2185 823 2247 est
844 2176 1008 2262 hujusmodi
1033 2179 1231 2265 pulsationem
1270 2209 1332 2249 nu·

224 2287 264 2316 ·-
323 2291 433 2344 merus.
483 2269 656 2350 Saepiffime
682 2267 803 2330 indubia
822 2265 914 2330 febrit
935 2261 1031 2330 existit
1056 2288 1123 2331 cum
1142 2269 1235 2351 longe
1269 2276 1332 2336 mi.

293 2375 296 2382 ’
325 2357 392 2419 nori
407 2349 540 2436 pulsuum
555 2367 699 2427 numeno5
718 2369 768 2414 aut
781 2349 878 2415 abeffe
898 2353 986 2413 etiam
999 2353 1099 2430 potest
1114 2373 1179 2414 cum
1192 2353 1332 2436 eudem¹

242 2501 249 2512 ,
324 2440 480 2502 autetiam
501 2441 624 2516 majore.
668 2433 781 2500 Pullum
801 2435 935 2498 latrorum
956 2431 1050 2516 pallui
1068 2457 1130 2498 non
1147 2435 1331 2512 absimilem

218 2559 222 2576 .
323 2525 359 2598 iq
394 2521 560 2604 grauissimo
592 2520 688 2590 febris
720 2523 835 2604 genere
865 2517 1034 2583 obseruauit
1063 2541 1330 2591 suntunanatvs

324 2602 514 2690 (upemmllai
530 2627 558 2688 pv.
581 2609 690 2687 650.)‚
724 2601 924 2686 eumdemque
950 2607 1065 2668 notauit
1085 2624 1328 2676 wenerannus

325 2691 358 2752 du
372 2694 489 2753 cautiun.
505 2711 533 2772 p.
550 2709 602 2774 39.
620 2691 652 2752 tle
665 2688 761 2752 variat
774 2711 801 2772 p.
817 2699 882 2772 37.)
901 2693 1033 2772 itemque
1049 2706 1270 2755 onuurtttatvs
1293 2699 1327 2760 in

323 2775 410 2858 febre
432 2777 561 2860 maligna
581 2773 697 2858 putrida
720 2773 888 2858 contagiosa
911 2795 977 2837 cum
998 2775 1120 2855 pustulis
1147 2775 1326 2857 miliaribus

323 2861 413 2934 albic,
435 2877 512 2942 quae
529 2859 871 2942 lubfinernannl1756.
891 2861 1058 2936 (uvuwre.
1077 2858 1225 2940 Adutrflar.
1241 2867 1323 2928 med.

323 2945 441 3009 naute.
463 2943 514 3006 vul
532 2962 557 3009 1.
577 2945 610 3006 P.
629 2963 654 3009 1.
669 2964 727 3024 cap.
748 2963 774 3010 1.
791 2965 821 3026 p.
839 2948 904 3023 aa.)
927 2941 1047 3028 grallata
1065 2945 1116 3008 est.
1157 2946 1322 3028 Rarioretq

322 3050 396 3098 vero
417 3030 540 3091 naturali
558 3027 743 3111 insentibus
764 3027 917 3112 malignis,
943 3029 975 3092 in
993 3028 1125 3112 Typhia,
1151 3029 1181 3090 in
1203 3035 1321 3100 Hemi

322 3115 452 3186 tritaeir,
474 3110 592 3193 aliisque
606 3097 866 3196 perniciollffimis',
887 3131 918 3175 et
933 3111 1137 3194 pestilentibus
1156 3110 1223 3180 fere
1252 3119 1320 3199 oml

196 3239 200 3248 ·
322 3216 377 3260 nes
403 3197 523 3262 clinici.
538 3213 597 3258 tam
622 3215 756 3270 veteres,
793 3219 878 3278 quam
904 3198 1089 3261 recentiores
1117 3197 1299 3268 inuenerun

322 3284 401 3356 inter
434 3300 506 3364 quoa
539 3282 701 3342 nominabo
735 3281 886 3364 dumtaxat
917 3299 1117 3344 nuosaaavm
1150 3301 1290 3354 atutmv

321 3365 442 3447 (Medic.
465 3365 587 3450 Aegypt:
607 3363 624 3424 l
648 3373 752 3445 neap.
778 3367 855 3448 14),
884 3383 1069 3430 nrcouavm
1088 3384 1230 3430 massam
1257 3379 1276 3454 (

224 3483 233 3498 ·
321 3447 403 3512 Febr.
429 3447 592 3530 pestilera),
618 3467 685 3512 nutu
708 3449 832 3530 (Medic.
855 3451 952 3513 Statit.
976 3451 1159 3534 Britannia),
1183 3469 1278 3520 avss

320 3551 412 3596 atvar
440 3533 535 3610 (Nat.
558 3533 665 3612 Hister.
696 3533 860 3617 quiappo
885 3557 914 3618 p.
944 3539 1054 3618 230¹)a
1091 3553 1286 3606 aonuavav

311 3613 484 3697 (lietberti.
498 3617 554 3699 sur
572 3617 609 3678 les
628 3618 708 3700 ponis
726 3641 754 3703 p.
771 3627 871 3704 quq),
897 3637 1136 3690 savvauastum
1156 3619 1287 3703 (Nusolo

196 3793 200 3800 Ι
227 3720 229 3724 -
263 3765 268 3780 ⁰
320 3701 441 3777 mequod„
467 3702 498 3764 Τ,
516 3721 548 3780 ρ,
565 3724 593 3786 p.
611 3710 710 3786 307.).
751 3709 795 3766 lta
821 3705 938 3766 tardum
956 3721 987 3766 et
1008 3725 1103 3766 tatum
1124 3699 1153 3766 io
1175 3711 1281 3786 queda

321 3786 488 3868 epidemica
514 3787 602 3851 febre
623 3791 775 3870 Neapolim
805 3789 976 3852 deuallante
1001 3789 1199 3868 deprehendit
1223 3812 1275 3856 sa

321 3889 469 3947 conavs,
491 3889 521 3934 vt
538 3871 714 3954 pulsationes
733 3875 809 3936 intra
830 3875 976 3934 minutum
997 3893 1059 3934 nun
1080 3870 1176 3954 pluria
1196 3873 1289 3942 effen

319 3975 407 4036 quam
423 3957 630 4042 quadraginta,
650 3975 700 4018 aut
721 3957 913 4040 quadraginta
931 3957 1063 4040 quinque
1084 3963 1128 4040 (P.
1140 3977 1167 4024 2.
1187 3965 1210 4036 §.
1229 3975 1292 4044 ᾖς’

320 4056 352 4103 et
364 4045 459 4122 704).
501 4049 538 4105 ln
553 4061 647 4120 puero
660 4039 748 4104 febre
762 4041 900 4104 variolola
915 4043 1069 4104 laborante
1089 4039 1197 4122 pullum
1215 4034 1297 4112 adu¹

235 4188 237 4197 ,
318 4139 416 4188 totum
436 4123 519 4208 pullu
539 4127 631 4187 multo
657 4125 813 4204 rariorem,
842 4129 974 4210 itemque
993 4128 1025 4188 in
1045 4125 1135 4206 febre¹
1153 4123 1265 4194 scarlati

547 4237 552 4244 ·
1160 4225 1275 4280 'domm
