2670 4896
303 299 354 372 80,
664 301 726 350 or
759 261 914 348 attin
997 265 1004 276 ¹

181 539 187 546 .
258 482 263 496 '
305 484 365 546 aut
384 465 519 541 'serreis'
538 463 812 552 absorbentibus,
844 477 904 538 aut
930 463 1113 538 metallicis
1135 461 1331 564 corpori

302 575 378 657 bus,
403 567 428 641 fi
443 571 562 667 quain
580 569 682 640 nobis
695 563 819 654 essent,
843 582 903 639 aut
918 593 997 641 cum
1016 591 1125 665 aqueo
1145 569 1332 640 humor·

303 672 527 766 congrediens
554 673 721 755 calorem,
759 685 819 740 aut
849 693 929 740 cum
965 669 1030 747 sale
1062 661 1332 744 ammoniaco*

303 773 403 849 nobis
430 771 570 870 quidem
593 798 663 844 non
695 772 806 842 alieno
836 771 1055 870 copulatum,
1097 771 1235 864 frigus
1280 799 1332 874 ex,

301 879 416 950 citet?
443 873 512 947 Vbi
534 878 572 946 in
594 873 692 945 nobis
714 873 790 944 olea
814 871 999 968 efflatialio,
1027 869 1097 944 saue
1118 875 1332 960 aetherea

305 978 368 1052 aut'
385 977 522 1075 spiritus
543 973 804 1047 inflammabiles
831 973 968 1074 praesto·
983 975 1077 1060 sunt,
1109 999 1199 1048 eum
1241 979 1332 1074 qub

304 1081 369 1152 bus
398 1079 532 1150 acidum
556 1077 641 1158 illud
667 1069 892 1148 efferuescat?
939 1075 1008 1148 Vbi
1036 1076 1114 1148 sales
1141 1077 1332 1152 ‘alkalim

202 1243 204 1251 s
303 1180 400 1266 ficei,
414 1181 498 1276 ‚²qui
521 1205 601 1252 cum
623 1178 760 1276 liquidis
784 1190 923 1265 coeant,
964 1193 1067 1274 atque
1094 1176 1332 1252 ebulliant?

196 1306 198 1314 ’
306 1283 396 1366 Quis
428 1281 568 1352 demum
598 1277 893 1352 efferuescentiam
922 1279 1083 1372 frigidam
1115 1280 1223 1352 vidit
1262 1267 1333 1356 vrrl

306 1409 409 1481 quam
434 1382 564 1454 calidae
587 1383 737 1467 anteire,
771 1381 982 1480 calidamque
1010 1381 1154 1473 frigidae
1180 1381 1327 1456 succe·

304 1487 393 1569 dere,
419 1480 473 1569 fic,
497 1501 536 1556 vt
555 1484 663 1576 frigus
678 1487 715 1554 in
735 1485 903 1569 tertianis,
930 1483 1173 1580 quartanisque
1191 1483 1327 1558 febri·

303 1586 386 1672 bus,
411 1599 447 1655 et
458 1585 657 1685 subsequens
676 1585 770 1658 calor
791 1584 832 1668 ab
850 1585 1045 1682 hujusmodi
1065 1581 1326 1664 efferuescen·

258 1701 264 1708 '
303 1689 363 1760 tiis
379 1685 501 1760 deduci
510 1693 643 1794 queat?

85 1867 88 1876 .
337 1813 342 1825 “
706 1813 738 1911 §.
784 1813 906 1888 'Villa
983 1812 988 1826 ‘
1333 1859 1334 1899 r

148 1934 194 1993 Aa
214 1927 301 2014 fleres
357 1923 476 2015 Itaque
500 1911 766 1989 efferuescentiis
792 1913 890 1988 dillifi
914 1915 1050 2014 quidam
1075 1914 1133 1988 alii
1158 1913 1334 2016 fabrorm

127 2002 465 2136 ffissss'fsspsooguinis
484 2017 761 2114 fermentationem
786 2015 851 2088 elle
882 2019 1033 2104 malunt,
1083 2020 1179 2093 inter
1209 2025 1334 2114 quusi

308 2113 522 2194 winutsivs
551 2122 678 2218 primas
705 2133 799 2194 certe
827 2135 938 2203 tenet,
973 2136 1008 2191 et
1036 2119 1139 2192 febris
1170 2119 1334 2212 effebba‘

305 2249 387 2298 cum
411 2220 512 2296 musti
537 2237 739 2318 comparant
766 2217 1006 2295 fermentantis
1022 2220 1054 2313 *)
1078 2207 1334 2320 phaenomess

304 2331 369 2400 nis.
417 2331 462 2396 ¹In
479 2325 578 2394 'hanc
604 2347 713 2421 prope
734 2341 868 2420 partem
891 2339 1039 2416 vergunt
1061 2330 1334 2421 Nuperorumr

305 2413 518 2524 complures,
553 2423 674 2520 quibus
697 2427 813 2497 omnia
835 2425 995 2498 videntur
1015 2427 1118 2525 plena
1137 2425 1323 2502 fermen-

305 2527 491 2605 tationum.
542 2525 606 2598 Sed
630 2551 699 2624 quo
720 2529 833 2600 minus
854 2529 937 2599 haec
961 2551 1096 2626 quoque
1119 2525 1332 2623 probetur-

304 2631 440 2729 opinio,
479 2625 590 2700 multa
617 2623 772 2726 profesto
800 2627 1023 2716 obstant,'et
1057 2651 1086 2700 1.
1115 2628 1324 2709 summum

303 2731 502 2817 discrimen,
540 2729 631 2826 quod
661 2733 752 2801 inter
779 2729 975 2823 sanguinem
1009 2729 1224 2819 intercedit,
1279 2753 1323 2810 et

174 2829 186 2888 ἶ
302 2831 470 2919 mustum,
508 2831 655 2930 aliosque
683 2832 798 2916 succos
821 2832 1026 2926 vegetabiles
1049 2831 1322 2912 fermentatio·

111 2983 128 3012 ο
180 2937 184 2946 “
302 2938 341 3010 ni
361 2931 520 3020 idoneos3
556 2955 589 3004 2.
614 2932 763 3006 defessus
784 2937 822 3006 in
845 2934 928 3006 vass
954 2937 1105 3033 corporis
1130 2939 1320 3029 animati,

303 3039 425 3110 etvini
441 3035 697 3121 conditionum,
721 3061 807 3136 quac
823 3037 865 3124 ad
880 3035 1158 3110 fermentandum
1175 3041 1320 3139 req'ui-

301 3152 444 3224 runtur,
472 3137 598 3236 quictis
612 3139 795 3224 nimirum,
824 3137 989 3212 mitissimi
1008 3139 1129 3212 caloris
1149 3144 1319 3235 gra'dus,

302 3263 404 3340 quem
415 3241 564 3310 uiuentis
578 3238 728 3310 hominis
742 3243 836 3314 calor
849 3243 1013 3314 naturalis
1027 3240 1127 3334 longe
1139 3239 1322 3338 superat,

302 3358 339 3414 et
355 3339 480 3413 liberae
499 3352 674 3424 comatre
692 3345 858 3414 exteriore
877 3343 1231 3432 communicationis3
1274 3375 1316 3437 3,

256 3431 259 3442 ’
299 3443 396 3516 nulla
411 3445 447 3512 in
459 3441 661 3524 humoribus
680 3467 699 3514 a
717 3440 813 3517 febre
825 3448 989 3532 mutatio,
1012 3446 1119 3542 qualis
1135 3443 1321 3524 sermen-

300 3548 471 3618 tationem
485 3541 706 3644 subsequitur,
730 3571 810 3618 cum
825 3573 935 3645 neque
950 3548 1030 3633 vini,
1058 3570 1167 3644 neque
1186 3557 1319 3640 aceti,

299 3668 411 3743 neque
441 3645 577 3745 spiritus
608 3643 862 3720 inflammabilis
895 3648 1023 3720 indicia
1052 3649 1119 3719 vlla
1150 3646 1319 3742 sanguis

289 3748 478 3848 praebeat,
501 3745 679 3846 postquam
696 3748 812 3838 febris,
836 3745 922 3836 siue,
948 3765 987 3822 vt
1002 3751 1043 3822 iis
1057 3751 1189 3855 placet,
1217 3751 1317 3828 fer·

298 3852 468 3922 mentatio
484 3845 643 3922 desierit„

343 3977 374 4052 ¹⁵)
397 3974 645 4036 Fermemetionie
661 3983 779 4033 ‘nomen
795 3969 928 4035 adhiberi
948 3972 1034 4036 video
1054 3971 1091 4034 ad
1110 3977 1158 4037 ‘res
1177 3979 1318 4047 multas

299 4071 331 4124 et
357 4050 479 4142 quidem
499 4071 603 4134 natura
630 4051 755 4119 diuersas
782 4054 980 4144 defignmdas.
1037 4057 1098 4163 Sed
1126 4057 1175 4127 hic
1196 4077 1318 4214 ghi:
