2670 4896
963 327 1013 413 ’σς

37 507 159 583 elaliica
175 498 242 593 iis,
279 501 513 592 irrit'abilitas,
546 519 583 578 et
605 501 801 580 lentibilitas
819 508 1013 606 mitigetur,

1 607 2 620 ’
39 613 154 704 longuis
171 607 341 694 rarescat,
377 622 593 697 attenuetur,
626 610 718 684 rena
737 611 846 704 magis
869 639 1011 712 procur·

44 729 104 797 rat,
122 714 233 784 minus
253 711 299 785 ab
316 711 371 787 axi
394 711 565 802 diuergat,
595 711 817 800 secretiones,
846 719 1011 788 excretio·

46 815 143 910 nsque
163 813 305 884 felicius
332 827 556 910 peragantur,
598 839 685 910 quae
712 819 829 886 omnia
854 815 1011 913 profesto

40 919 164 990 maxima
180 915 262 987 sunt
281 913 324 984 ad
340 911 653 988 inflammationem
668 915 931 1007 discutiendam,
955 945 1009 998 ro·

36 1016 517 1116 soluendamque'adiumeota.
856 1073 887 1100 .,
1009 1049 1012 1052 ·

1 1215 2 1246 ’
83 1223 211 1293 unvu.
240 1215 460 1294 Reuulfioniu
486 1243 594 1312 genus
619 1221 791 1318 quoddam
822 1222 928 1296 etiam
959 1223 1010 1297 fa·

49 1325 191 1408 ciuntur,
219 1347 307 1419 quae
325 1323 442 1394 aluum
464 1323 618 1400 molliter
639 1323 788 1412 ducunt;
812 1323 868 1398 sed
886 1321 1011 1400 blanda
1067 1329 1069 1340 ’

48 1423 102 1496 int
112 1439 261 1523 oportet,
289 1425 371 1496 talia
385 1440 521 1511 tamen,
548 1449 633 1520 quae
648 1426 809 1500 humores
826 1413 1010 1519 attingant,
1027 1441 1030 1450 ’

41 1543 71 1597 et
85 1527 231 1612 soluaot,
256 1539 294 1596 et
316 1525 441 1596 leniter
463 1526 504 1596 ad
525 1523 684 1600 intestina
710 1530 879 1614 alliciant,
905 1547 1010 1633 atquo

32 1654 89 1699 ano
105 1627 305 1700 deturbent.
358 1631 442 1713 Quo
463 1629 603 1700 nomine
621 1631 907 1706 commendantur
932 1631 1008 1704 lub-
1042 1626 1047 1634 ¹

31 1731 131 1818 acida,
152 1745 188 1801 et
206 1731 466 1821 refrigerantia,
492 1755 578 1826 quae
601 1731 766 1804 nimirum
791 1759 854 1806 nec
875 1733 1006 1824 sangui·
1124 1765 1128 1770 ·
1181 1815 1184 1828 Ι

29 1859 100 1904 uem
113 1835 306 1925 exagitant,
332 1857 443 1930 neque
458 1831 644 1904 admodum
663 1833 780 1906 solidas
793 1851 909 1931 partes
928 1836 1006 1907 irri-

28 1949 113 2022 tant,
144 1957 260 2033 neque
287 1948 421 2004 motum
443 1933 629 2027 adaugent,
663 1935 719 2006 sed
741 1938 856 2033 potius
879 1936 1005 2025 sedunt,

30 2051 62 2106 et
89 2037 311 2136 compescunt
333 2037 500 2132 calorem,
541 2037 592 2106 vti
621 2039 841 2123 Tamarindi,
884 2038 1006 2112 Serum

35 2135 137 2228 latiis,
161 2145 309 2212 Cremor
327 2140 465 2235 tartari,
499 2135 619 2223 Caffra,
650 2142 803 2233 Munna,
831 2153 933 2235 atque
949 2141 1006 2212 his

32 2236 149 2312 nmilia.
200 2247 289 2314 Huc
304 2236 455 2338 spestant
471 2237 631 2336 clysteres
646 2267 685 2310 ex
701 2244 741 2311 iis
758 2243 886 2340 parati,
918 2267 1005 2338 quae

28 2344 196 2430 molliunt,
224 2357 442 2440 temperant,
467 2357 503 2412 rt
522 2343 645 2413 laxant.
699 2347 750 2416 Hi
770 2339 1005 2416 enim'tutiffi-

29 2447 70 2514 mi
85 2445 215 2544 semper
230 2445 413 2530 habentur,
439 2443 544 2515 modo
560 2447 703 2516 acritate
718 2446 836 2531 calida,
863 2447 1004 2517 irritan·
1122 2515 1126 2524 ,
1172 2479 1180 2490 ·

28 2546 121 2644 dique
141 2544 313 2640 potestate
333 2561 483 2640 careant.
537 2548 571 2617 Si
598 2546 680 2644 quid
702 2545 830 2620 stimuli
856 2549 897 2619 iis
919 2548 1004 2620 adii·

28 2649 175 2722 ciendum
208 2646 269 2735 stt,
322 2649 409 2734 mel,
457 2649 605 2735 nitrum,
654 2647 751 2721 callia
781 2650 858 2721 satis
882 2665 1001 2722 erunt.

28 2751 216 2824 Cathartica
241 2773 327 2842 ergo
355 2773 453 2839 vera,
487 2752 594 2836 acria,
630 2751 811 2845 validiora,
833 2753 1005 2846 xitemque

31 2853 179 2940 emetica,
205 2869 242 2925 vt
260 2853 377 2938 noxia,
401 2853 504 2924 vitari
518 2851 661 2939 debent3
686 2869 731 2938 et,
756 2849 932 2946 siquando
949 2875 1004 2933 ae·

38 2951 136 3038 cidat,
161 2971 199 3027 rt
217 2956 400 3054 peculiaris
424 2953 613 3052 epidomica
632 2951 848 3040 constitutio,
880 2956 916 3023 in
937 2947 1015 3049 qua'

35 3053 167 3126 minima
180 3057 371 3154 putridum,
398 3074 459 3128 aut
480 3071 687 3132 venenatum
710 3059 837 3154 primas
858 3058 928 3126 vias
951 3057 1005 3127 in·

28 3153 159 3246 vatur,
182 3178 240 3232 aut
256 3158 371 3231 morbi
389 3157 534 3230 fomesa
555 3157 622 3230 bile
639 3174 819 3255 corrupta,
844 3172 908 3230 aut
926 3179 1005 3228 exu-

25 3255 175 3346 berante,
217 3278 280 3332 aut
312 3261 561 3356 acacochylia
600 3272 802 3358 quacunque
834 3261 1006 3352 originem

28 3357 135 3451 docnt,
172 3353 303 3437 amelin
333 3359 516 3455 efflagitet,
554 3376 640 3436 tunc
661 3361 876 3441 mitioribus,
914 3375 1004 3432 tem-
1047 3391 1048 3396 *
1173 3349 1177 3356 ’

27 3465 208 3564 peratilque
226 3465 485 3538 medicamentis
506 3489 545 3535 ea
562 3465 688 3536 leniter·
701 3459 849 3550 cientur,
874 3453 911 3534 et
927 3463 1002 3558 qui·

27 3561 103 3636 dem
125 3566 201 3666 post
229 3567 378 3642 solutam
411 3589 473 3665 per
499 3589 608 3662 venae,
634 3564 816 3639 lethonem
845 3564 1003 3636 vasorum
1051 3615 1054 3626 «

26 3665 282 3760 planitudinem.
333 3667 387 3742 Ab
406 3667 568 3741 omnibus
591 3668 820 3741 tamen'hisce
838 3663 1009 3739 reuulfioe

916 3789 1008 3840 num·
1055 3784 1057 3790 ’

32 3919 146 3984 rom‘vr
167 3941 308 3988 nnu’rm
328 3944 411 3989 anno
443 3883 560 4007 1765?
586 3921 654 3988 Vid.
684 3921 753 4002 Allo
782 3919 908 3984 Araden.
934 3919 1002 4002 neg.

19 3998 114 4078 scient.
136 4005 231 4073 Sutrio.
258 4015 442 4090 ann.'1767.
470 4009 523 4070 ool.
544 4007 693 4072 XXVIII.
719 4027 749 4089 p.
773 4011 842 4090 165.
869 4008 1002 4088 itemque

26 4083 166 4156 Comma.
183 4093 263 4178 Lipfi
279 4092 331 4159 ool.
350 4093 381 4158 X
385 4093 436 4158 Vl.
449 4114 480 4178 p.
496 4109 567 4178 397.

75 4199 236 4262 raanan
263 4201 265 4208 ’
549 4183 578 4254 Ε
