2564 4914
667 197 678 216 ,,
937 170 944 206 t

675 247 682 282 ι
743 283 747 296 l

227 321 425 406 courir.
466 344 764 398 courrnrrrr.
906 345 974 412 311

39 507 192 594 prollrlgiue
211 530 229 570 a
250 505 393 584 moriscir,
422 507 606 590 aliorumque
623 501 799 581 morborum
820 525 976 590 nonquam*

39 599 167 658 continens
184 593 242 668 est,
265 590 314 658 sed
334 591 527 666 exacerbans,
550 611 638 672 atque
656 594 849 674 inaequaliter
869 591 975 653 decur-

39 699 101 756 rem,
126 677 273 740 interdurn
293 679 381 738 eriam
401 675 772 756 intermittenrr‘ideoque
792 677 869 738 male
889 674 974 758 syno-

40 763 80 823 chir
93 759 262 823 accensetur.
305 765 368 822 Nec
386 779 462 840 quoe
482 775 614 822 atrocem
635 757 829 904 cephalalpiam
851 779 889 822 ex
908 779 972 822 ver·
1014 789 1018 796 ¹

40 847 110 906 nibus
135 848 245 906 narium
276 865 345 908 cour
377 841 577 912 obfidenribos
609 842 857 924 consequemur,
896 863 969 905 ao.

39 947 148 992 urzovx
163 931 209 991 ita
218 928 403 1000 describitur,
427 927 610 1009 vt.Synocha
625 923 711 994 fuisse
727 927 784 988 dici
797 925 891 1008 possit.
932 932 970 990 ln

38 1017 81 1090 ejus
92 1016 163 1075 enirn
178 1011 295 1076 historia
307 1010 449 1092 (Journal
461 1011 494 1071 de
509 1009 646 1086 Muluio,
658 1011 689 1074 T.
699 1011 752 1072 lX.
769 1013 894 1092 p415.)
910 1031 970 1074 nec

39 1098 64 1157 de
78 1117 139 1179 typo
159 1096 266 1180 sebois,
293 1117 350 1160 nec
372 1096 410 1158 de
432 1113 581 1173 tempore,
606 1087 665 1176 quo
685 1093 781 1170 desiit,
811 1093 971 1174 quidquam

39 1183 152 1259 prolatum
173 1179 222 1244 est.
267 1183 330 1245 Cur
354 1184 444 1263 igitur
464 1175 588 1262 Synocszu
611 1177 827 1262 symptomarioa
848 1177 972 1250 dicotur,

43 1284 82 1325 con
94 1265 210 1344 ipsemet
225 1282 360 1329 nazovx
372 1285 440 1331 eam
454 1267 653 1329 nomine'nou
666 1263 841 1334 domuerit?
933 1292 936 1307 =

65 1353 85 1429 e)
101 1347 188 1432 Nosot',
204 1349 324 1412 merlrool.
339 1349 356 1412 l
369 1370 392 1414 o.
961 1367 964 1377 '

336 1503 368 1602 ᾗ.
405 1509 649 1610 ,ΟΟΧΧΧἮΙι

70 1633 177 1724 Magni
208 1647 327 1720 autern
360 1629 486 1720 refert,
531 1647 647 1704 vtrum
680 1629 851 1728 synochus
883 1627 969 1702 hoec
992 1617 1076 1695 rm,
1093 1638 1139 1688 ior

36 1733 288 1824 (tcexxxlv.)
307 1730 348 1808 fit
360 1733 516 1833 simplex,
535 1759 642 1833 puto,
675 1747 707 1804 et
724 1757 819 1816 uero,
848 1757 892 1804 an
913 1717 1061 1830 “Winlssss
1080 1719 1140 1822 ‘¹2⁰'

34 1857 111 1923 puro,
137 1837 297 1922 anomala,
327 1851 388 1908 out
412 1835 604 1930 complicato.
661 1836 756 1906 Hinc
779 1837 873 1905 enim
898 1840 1122 1904 noncmosem·

38 1932 117 2007 solum
138 1938 385 2037 symptomata,
420 1955 456 2010 et
480 1933 686 2035 procedendi
707 1937 813 2020 ratio,
847 1959 969 2006 uerum

6 2057 8 2062 ’
38 2037 115 2110 etiarn
127 2066 205 2118 cura
221 2040 293 2139 ipsu
307 2041 494 2117 uariantur.
547 2039 704 2136 Simplex,
729 2051 765 2107 et
778 2062 865 2136 pura
882 2037 967 2107 inci·

38 2137 72 2230 pit
84 2141 275 2242 plerumque
286 2138 355 2226 sine
368 2139 507 2236 frigore,
522 2156 557 2211 et
568 2136 638 2212 fine
649 2139 803 2218 horrore.
831 2139 1137 2229 Totumrraefou

41 2261 132 2334 corpus
159 2243 341 2338 segnescit,
384 2260 422 2316 et
459 2245 605 2340 quodam
637 2241 746 2316 veluti
764 2235 968 2314 ,lassitudine

41 2336 166 2432 lullum,
204 2362 266 2419 aut
281 2419 284 2424 ,
298 2346 479 2418 contusum
504 2345 660 2431 videtur,
696 2358 798 2440 atque
826 2339 967 2430 aestuat.
1022 2403 1024 2407 ,

39 2440 162 2518 Succedit
175 2444 388 2520 manifestior
400 2447 489 2520 cutis
504 2446 634 2518 mador.
670 2449 781 2543 Caput
794 2443 848 2515 vel
861 2442 967 2530 dolet,

36 2543 71 2612 vel
84 2551 210 2636 grauius
235 2549 452 2648 persentitur.
506 2549 623 2621 Facies
643 2548 825 2646 praecipue
841 2560 966 2635 tumet,

35 2643 107 2722 rubet
119 2651 212 2726 inten
223 2649 296 2736 sus,
320 2671 357 2722 et
371 2651 470 2735 calet.
520 2649 635 2728 Altior
652 2662 798 2746 occupat
811 2647 967 2736 somnus3

38 2747 152 2824 nultum
181 2755 332 2826 arteriae
362 2769 561 2850 temporum
592 2747 745 2848 pulsant;
788 2747 990 2844 respiratio¹

38 2852 410 2952 magnasuboiffictlisque
424 2851 488 2941 est,
498 2849 611 2952 pulsus
626 2852 757 2947 plenus,
768 2849 966 2932 vehemens,

35 2950 139 3043 creber,
163 2974 198 3030 et
225 2958 336 3046 velox,
363 2972 399 3028 ut
415 2956 579 3052 aequalis,
605 2943 797 3047 mollisque,
827 2975 868 3020 eo
889 2947 967 3022 casu

35 3069 154 3151 excepto,
173 3061 214 3132 in
229 3085 297 3157 quo
311 3060 443 3158 primae
456 3059 530 3130 viae
543 3049 672 3142 vitiosis
686 3053 790 3124 succis
806 3049 967 3138 scateant,
998 3138 1003 3155 ,

37 3165 81 3220 ont
92 3161 287 3238 uvermibus
303 3158 515 3244 infestentur.
550 3156 764 3240 Tenentur,
783 3168 969 3249 antequam

36 3247 204 3352 ejiciuntur,
232 3260 376 3361 spasmos
396 3263 562 3344 excitant,
592 3256 684 3330 vnde
698 3254 811 3354 pulsus
828 3277 967 3352 paruus,

36 3347 235 3450 duriusculos,
259 3379 360 3460 atque
380 3357 565 3458 inaequalis¹
587 3356 747 3431 efficitur.
801 3353 865 3426 Sed
881 3369 967 3425 tuno
1051 3379 1063 3398 ·

36 3463 254 3555 conplicatum
276 3467 405 3538 malum
426 3457 483 3533 esl.
542 3463 652 3533 Vrina
675 3486 695 3530 a
718 3457 867 3544 naturali
895 3480 967 3526 noir

34 3559 159 3648 uultum
180 3569 289 3644 alienu
311 3562 375 3638 esse
397 3563 583 3650 consueuit.
634 3563 740 3636 Initio
762 3575 899 3646 tumen,
928 3570 968 3647 ut
1023 3635 1025 3643 ᾗ

33 3653 196 3746 plurimum
218 3695 334 3768 aquea,
365 3666 546 3764 paullatim
567 3689 648 3734 vero
670 3659 881 3744 rubicundo,
908 3671 969 3730 aut

34 3755 105 3849 uba,
130 3766 247 3858 crassa,
270 3786 306 3842 et
327 3769 465 3844 turbida
481 3763 538 3851 fit,
570 3761 768 3862 praesertim
785 3761 843 3832 vbi
863 3757 968 3831 febris

33 3862 152 3958 attingit
166 3876 314 3960 tertium,
330 3888 390 3943 aut
404 3884 562 3969 quartam
574 3866 676 3938 diem.
710 3863 837 3935 Mudor
852 3875 969 3934 autem

33 3965 115 4053 cutis,
134 3999 234 4070 quem
251 3976 321 4046 cito
338 3997 501 4072 apparere
517 3969 671 4054 donnus,
693 3962 812 4042 senfin
826 3977 969 4065 rugetur
1046 4031 1051 4043 ,

35 4057 118 4156 aleo,
141 4091 178 4148 vt
198 4066 399 4152 remittente
421 4073 491 4169 jum
508 4064 649 4156 inorbo,
676 4083 736 4140 aut
756 4066 875 4166 quouis
897 4063 969 4232 eiust
1124 4071 1126 4078 '

500 4175 533 4244 V
554 4197 577 4261 4
857 4187 971 4236 remu·
