2578 4904
279 297 389 400 'usq¹
421 323 427 334 ’
610 324 668 376 nr
694 291 975 382 ,tuamen

698 482 731 581 ᾗ.
784 489 868 566 OXI·
1279 491 1280 570 i

132 638 303 756 fferam
351 614 471 706 Itaque
482 613 582 696 ratio,
606 626 644 683 et
656 637 738 682 curn
752 613 886 689 ratione
899 608 1101 705 conjunsta
1115 609 1278 708 experien-

146 703 297 822 er‘ssw
304 713 352 786 tia
365 712 516 799 suadent,
535 715 593 785 hic
611 710 828 786 distinstione
842 717 959 812 aliqua
973 741 1070 812 opus
1085 707 1172 796 esse,
1186 714 1277 782 nimi·

97 840 100 845 ·
127 788 382 903 {tranum-rum
398 840 508 912 neque
521 816 652 913 semper
665 813 836 909 sanguinis
851 813 1055 890 missionem
1074 819 1118 888 in
1130 813 1221 884 hisce
1235 814 1251 884 s
1266 853 1276 872 ·

107 905 420 1030 jSbc’ssssz‘bribus
440 917 760 1014 pertimescendam,
794 944 906 1016 neque
929 934 1035 990 certe
1057 919 1098 990 in
1126 915 1275 987 om'nibur

14 1051 16 1058 ·
142 1071 147 1084 1
295 1017 600 1095 'indiscriminatim
616 1034 652 1089 et
667 1017 1094 1093 effusendministandam.
1128 1023 1234 1089 Nam
1246 1033 1274 1087 et

304 1121 387 1208 anni
401 1113 549 1218 tempus,
577 1137 613 1192 et
628 1120 732 1194 febris
750 1112 928 1208 naturam,
950 1139 1066 1219 atque
1084 1121 1183 1214 aegri
1197 1133 1274 1188 aeta·

304 1236 396 1308 tem,
436 1225 708 1320 temperiemque
735 1221 952 1316 considerare
982 1238 1166 1322 oportet,
1191 1237 1272 1292 ante·

306 1349 411 1421 quam
424 1324 601 1422 quidpiam
612 1323 832 1412 deliberetur.
876 1332 1001 1398 Vernd
1015 1341 1194 1424 tempore,
1217 1348 1272 1420 quo

306 1445 453 1524 corpora
469 1427 809 1520 turgent'sanguioe,
835 1429 1005 1501 humores
1025 1427 1221 1511 rarescunt,
1243 1445 1269 1492 er

306 1527 560 1624 expanduntur,
586 1544 622 1600 et
642 1528 966 1626 quodammodo'ad
990 1530 1083 1602 sese
1107 1528 1280 1601 defaecant

307 1629 390 1702 dum
404 1629 635 1728 propendent,
664 1625 690 1700 sr
704 1629 815 1705 febres
830 1657 871 1704 eo
887 1647 1049 1726 vergant,
1078 1647 1119 1702 vt
1134 1630 1265 1729 plerum·

307 1753 375 1827 que
392 1731 520 1817 solean
546 1729 571 1802 fi
589 1745 697 1818 aetas,
722 1733 758 1804 et
776 1749 1123 1831 temperamentum,
1151 1747 1186 1802 et
1203 1730 1266 1802 resi-

197 1841 201 1854 “
304 1857 375 1930 qua
388 1833 612 1922 consentiant,
634 1861 697 1908 cur
710 1861 780 1908 non
795 1839 925 1934 poterit
940 1837 1082 1908 vtiliter
1096 1837 1266 1907 humorum

307 1937 408 2032 copia
429 1963 491 2034 per
510 1963 617 2008 venae
634 1934 815 2016 seddionern
839 1940 967 2024 minui,
1001 1938 1159 2022 spatium
1174 1931 1263 2027 majus

307 2038 344 2108 in
360 2035 442 2110 ναῦς
457 2043 580 2136 parari,
601 2055 640 2110 vt
654 2055 797 2112 naturae
811 2055 926 2118 ntotus
940 2023 1176 2147 expeditiores
1188 2031 1262 2114 iasii,

308 2141 430 2228 citius,
467 2156 514 2212 er
526 2141 660 2217 facilius
684 2139 753 2212 fine
774 2142 834 2214 suo
859 2145 1075 2240 potiantur?
1109 2137 1222 2225 Quid?
1243 2131 1262 2202 fi

309 2237 413 2317 etiarn
435 2244 551 2340 paullo
574 2247 708 2314 acutior
730 2239 771 2314 sn
792 2245 950 2326 morbuS,
978 2260 1017 2314 et
1039 2242 1157 2342 pulsus
1175 2237 1260 2312 rehe-

308 2347 476 2430 mentior,
511 2345 737 2442 pleniorque?
770 2351 900 2418 Nonne
927 2348 965 2416 in
984 2337 1097 2422 ‘tanta
1125 2341 1257 2416 vasorum

308 2445 553 2544 psenitudine,
580 2445 814 2542 sanguinisque
843 2449 1070 2520 concitatiori
1097 2458 1196 2518 motu
1222 2442 1260 2510 in·

199 2569 204 2593 ¹
310 2546 563 2621 flammationes
587 2547 772 2635 viscerum,
803 2546 1061 2646 congestionee,
1078 2621 1080 2630 ,
1097 2545 1261 2620 ronedum·

243 2645 248 2654 ’
310 2673 377 2746 que
393 2652 571 2748 ruptiones
587 2651 689 2723 liceat
704 2675 765 2748 per
778 2650 949 2746 sanguiris
969 2650 1166 2726 miffionem
1184 2667 1260 2745 prat

310 2776 449 2842 cauere,
477 2767 580 2855 atque
600 2756 783 2830 auertere?
842 2810 844 2814 .

701 2903 733 3005 §.
784 2869 885 3002 cxli.

141 3045 306 3166 Affmss
331 3137 338 3152 ,
361 3038 408 3148 ᾼῗ
426 3061 508 3106 V⁶f⁰
522 3032 655 3120 aestate,
680 3059 760 3108 cum
772 3025 911 3134 parcior
928 3029 970 3134 fit
984 3033 1258 3130 sanguinisrquan·

133 3183 210 3246 wilfi,
229 3151 394 3235 mimatae
413 3136 457 3206 ob
474 3136 687 3207 subtiliorem
705 3141 838 3232 partem
860 3139 898 3208 in
916 3129 1063 3234 vapores'
1074 3131 1256 3220 ⁴resolutam

70 3239 74 3249 '
142 3256 259 3306 emutuit·
312 3261 393 3311 cum
421 3239 586 3320 humores
608 3263 726 3332 omnes
748 3238 789 3308 ad
814 3237 1068 3336 liquescendum
1091 3233 1257 3328 inclinent

312 3365 393 3412 cum
407 3339 537 3423 summa
552 3337 725 3435 sevbique
737 3341 861 3437 prodat
877 3365 999 3432 eorum
1018 3338 1060 3411 ad
1081 3332 1255 3438 alcasescen·

232 3523 238 3540 ,
312 3443 414 3523 tiam,
440 3457 476 3512 et
491 3443 751 3540 corruptionem
768 3445 986 3540 proeliuitas3
1018 3437 1100 3514 cum
1120 3439 1193 3522 bilis
1213 3453 1255 3500 co·

312 3541 455 3642 piofior,
479 3563 515 3614 et
536 3543 703 3634 feruidior
718 3549 930 3642 praenoscat,
955 3569 1025 3615 non
1043 3559 1172 3613 temere
1186 3551 1255 3642 vene

311 3643 451 3738 secanda
467 3643 531 3730 est,
557 3647 723 3718 nimirum
741 3673 830 3734 non,
857 3644 917 3718 nifi
940 3648 978 3734 in
999 3645 1128 3739 majore
1146 3639 1256 3728 sangut

225 3795 227 3802 ›
272 3789 276 3794 ·
312 3749 366 3816 nis
383 3745 483 3834 aestu,
508 3739 545 3816 in
564 3745 706 3818 diathefi
720 3748 999 3831 inflammatoria,
1024 3747 1185 3824 vasorum,
1208 3736 1253 3846 ht·

195 3919 202 3938 κ
275 3873 290 3926 7
310 3847 467 3944 bitusque
490 3849 721 3945 plenitudine,
752 3867 853 3948 atque
880 3853 955 3922 aliis
977 3849 1114 3944 hujusce
1141 3843 1254 3947 gener}S

299 3949 579 4022 conditionibus.
634 3951 751 4023 Multo
777 3957 1080 4030 rninus'autumno
1105 3939 1252 4034 sanguim‘

310 4048 458 4164 missioni
471 4054 586 4128 locum
602 4047 675 4142 esse,
693 4055 849 4154 plerique
858 4056 1039 4154 scriptores
1055 4050 1253 4150 arbitrante

1189 4158 1252 4241 quia
