2670 4896
249 187 540 354 ἰόνθ’

291 443 451 522 urgent,
472 411 663 500 aut'vrina
687 407 862 515 flammea,
895 441 958 502 out
984 428 1154 523 {inmunis
1183 427 1296 504 allia·

164 547 169 558 “
290 533 416 608 lescens
434 532 583 603 tenuitas
600 529 830 604 aduersantur.

341 738 457 808 LXIX.
482 737 532 806 Vt
551 757 655 832 porro
674 747 791 806 motus
812 732 1007 828 quicunque
1021 729 1135 804 vitalis
1157 731 1284 808 nudus

293 835 546 936 compescatur,
582 850 618 906 et
649 835 795 930 quoduis
823 831 968 920 stimuli,
1017 848 1120 932 atque
1152 840 1289 910 accita«

270 942 338 1019 'tis
366 964 473 1034 genus
492 953 799 1036 ,contemperetur,
840 935 1075 1020 dimoueatur,
1115 951 1153 1008 et
1182 954 1282 1012 extra

293 1065 417 1138 corpus
444 1055 658 1126 excernitur,
698 1041 735 1110 in
762 1039 883 1137 primis
907 1063 993 1134 aqua
1017 1035 1151 1110 affatim
1173 1044 1277 1137 potui

266 1142 404 1242 &denda
425 1139 481 1212 esf.
534 1147 632 1212 Haeo
654 1138 756 1211 diluit
776 1140 929 1232 egregie,
955 1139 1120 1226 calorem,
1147 1157 1183 1212 et
1204 1167 1278 1214 moa

292 1259 386 1334 tum,
422 1256 460 1313 et
483 1249 644 1313 attritum
668 1243 812 1328 minuit,
851 1239 1120 1312 irritabilitatem
1142 1242 1277 1314 demul-

290 1359 367 1431 cet,
409 1345 634 1416 acrimoniam
663 1357 824 1429 eneruat,
867 1337 987 1430 crassa,
1023 1357 1060 1414 et
1087 1341 1186 1416 densa
1211 1345 1279 1418 sol·

291 1449 364 1533 vit,
405 1446 633 1532 secretiones,
678 1461 714 1517 et
743 1441 953 1518 excretiones
973 1443 1151 1540 ¹adjuuat,
1203 1473 1284 1526 vnn¹

200 1565 212 1623 .‘
292 1547 402 1621 verbo
420 1545 494 1645 post
516 1545 685 1640 sanguinis
706 1546 897 1620 missionem
923 1546 996 1620 sere
1016 1547 1085 1619 sola
1106 1547 1281 1646 reliquom

172 1705 177 1716 ,
291 1650 508 1723 curationem
533 1647 685 1748 perficit,
725 1664 828 1746 atque
856 1648 1010 1720 absoluit.
1069 1648 1139 1721 Vbi
1161 1647 1281 1723 feruet

290 1751 440 1825 nimium
460 1750 619 1842 sanguis,
651 1767 753 1850 atque
775 1753 818 1822 ad
845 1749 1082 1822 rarescendum
1109 1751 1278 1840 inclinat3

292 1868 384 1925 aetas
407 1849 584 1948 juuenilis,
620 1865 932 1952 temperamentum
955 1853 1185 1940 cholericum,
1221 1880 1294 1926 re··

291 1956 350 2048 gio
371 1951 496 2042 calida,
535 1953 716 2052 tempestas
744 1952 867 2028 aestiua
894 1953 961 2041 est;
996 1968 1057 2038 aut
1084 1954 1274 2030 humorum

289 2057 442 2128 tenuitas
473 2053 735 2155 erysipelatodes
766 2055 1054 2156 deprehenditur,
1100 2053 1178 2129 otiu
1211 2057 1274 2128 fri·

292 2158 369 2251 gida
389 2158 601 2258 praefertur:
637 2160 694 2232 vbi
720 2185 802 2231 vero
825 2159 1005 2231 lara-ndum
1027 2160 1152 2252 magis,
1185 2159 1277 2231 mol-

223 2343 224 2351 ,
290 2259 463 2346 fiendum,
509 2260 776 2358 soluendumque
804 2257 867 2346 est,
916 2259 1045 2332 autad
1074 2262 1145 2331 vias
1174 2259 1278 2333 sudo·

290 2365 358 2449 ris,
381 2375 441 2434 aut
459 2363 548 2460 sputi
567 2361 780 2450 ducendum3
807 2361 938 2448 calida,
972 2377 1032 2446 aut
1057 2363 1175 2434 saltem
1195 2384 1279 2457 ege-

230 2473 232 2488 '
291 2461 362 2547 lida
389 2467 652 2536 conuenientior
675 2461 739 2536 esse
760 2463 947 2536 consueuit.
1005 2464 1141 2561 Aquoso
1161 2467 1277 2564 potui,

291 2580 331 2636 vt
381 2563 515 2638 facilius
567 2567 743 2660 sanguini,
804 2566 1006 2663 reliquisque
1057 2565 1276 2656 humoribus,

289 2668 491 2763 praesertim
515 2665 649 2756 oleosrs,
680 2681 740 2738 aut
760 2666 944 2766 pinguibus
967 2667 1163 2755 misceatur,
1190 2667 1277 2740 faci·

290 2768 421 2866 liusque
450 2765 725 2843 irritabilita'tem'
741 2769 861 2874 ‘cordis
894 2767 1085 2864 refringat,
1129 2773 1276 2866 igneum

289 2869 500 2944 elementum
529 2873 688 2969 arripiat,
726 2885 786 2944 aut
814 2871 885 2968 ejus
908 2872 1150 2945 'euolutionem
1175 2884 1275 2944 cotr-

290 2988 385 3058 ceat,
420 2973 692 3058 alkalescentiae,
728 2989 767 3045 vt
795 2991 937 3060 vocant,
971 3001 992 3045 a
1020 2976 1130 3070 nimio
1158 2991 1286 3074 motu,

252 3109 255 3116 ·
290 3088 351 3144 eut
372 3077 498 3145 attritu
525 3090 622 3146 ortae
648 3073 799 3162 obsistat,
836 3076 984 3174 indeque
1011 3077 1174 3173 pendenti
1205 3076 1272 3148 dis-

287 3174 449 3247 solutioni
475 3175 612 3248 frenum
634 3177 792 3271 injiciat,
837 3193 895 3248 aut
922 3175 1159 3274 plrlogistioam
1197 3177 1272 3250 dia-

288 3273 410 3348 thesrm
438 3276 606 3370 sanguinis
635 3279 812 3365 emendet,
856 3276 925 3354 fiue
950 3279 986 3350 id
1019 3277 1272 3352 concrescibilis

287 3391 325 3447 et
351 3377 490 3465 fibrosae
518 3381 624 3477 partis
649 3406 730 3470 cum
758 3380 861 3454 rubra
881 3364 1085 3454 mixtionem
1105 3381 1272 3476 adiuuan-

287 3477 350 3564 do,
379 3477 467 3564 ]fiue
501 3481 572 3575 ejus
603 3483 757 3581 copiam,
797 3485 1034 3580 lentoremque
1063 3484 1273 3554 imminuen-

286 3579 345 3663 do,
377 3584 655 3682 attenuandoque
676 3582 837 3683 praestet,
866 3586 966 3682 adjici
987 3584 1096 3657 solent
1119 3585 1272 3656 acescen-

284 3683 365 3855 rial,l
401 3682 519 3771 acida,
560 3687 766 3786 saponacea,
806 3687 1069 3780 refrigerantia,
1110 3685 1267 3774 sarinosa,

282 3785 426 3856 meite.
950 3820 952 3828 ’

1161 3994 1263 4083 ixx.

1090 4220 1093 4232 ,
1126 4202 1133 4240 l
1245 4207 1248 4211 ·
