2670 4896
27 401 1186 458 ’ΜΟῠ-ι--η-.·

89 691 166 786 DE
212 691 447 786 FEBRE
491 691 917 796 GENERATlm

308 887 705 930 w

437 1053 474 1151 §-
526 1059 555 1128 1.

108 1211 362 1263 neartnomen
380 1187 438 1260 alii
460 1186 601 1261 averbo
611 1187 745 1284 serien,
771 1186 841 1264 liue
863 1191 991 1282 ferueo,
1013 1214 1097 1268 rems
1118 1223 1168 1268 ια

127 1291 177 1364 alii
193 1319 212 1362 a
221 1293 363 1389 semo,
390 1291 425 1362 id
444 1287 490 1362 est
506 1293 623 1388 erpio,
650 1292 845 1366 deriuatum
861 1290 1137 1402 ''⁰¹⁰⁰tdfrlueilru

34 1397 58 1468 si
69 1396 134 1492 quis
145 1397 249 1466 etiam
267 1395 367 1465 malit
382 1391 424 1464 ab
437 1407 591 1490 utroque,
607 1418 670 1491 per
681 1421 738 1465 me
750 1389 888 1492 quidem
902 1397 994 1470 licet.
1118 1385 1131 1406 ’

28 1502 105 1568 Nam
126 1511 162 1567 et
182 1498 220 1566 in
239 1492 597 1594 plerisquelebribus,
627 1497 826 1594 praesertim
849 1525 928 1572 cum
951 1500 995 1574 ad

24 1609 223 1696 augmentum
263 1617 300 1669 et
317 1596 441 1692 statum
466 1599 705 1695 peruenerint,
735 1598 884 1693 sanguis,
917 1605 993 1674 vni-

22 1700 208 1798 versumque
230 1725 357 1796 corpus
377 1697 567 1785 incalescit,
604 1724 642 1770 ac
666 1699 796 1790 feruet3
828 1717 864 1774 et
886 1702 992 1780 lebria

22 1803 56 1874 ad
77 1800 294 1898 expurganda
316 1801 413 1898 saepe
439 1825 519 1873 cum
539 1799 728 1895 sanguinis,
759 1819 837 1890 tum
859 1820 993 1878 cetero-

22 1931 89 1978 rum
106 1906 297 1976 humorum
315 1904 573 2000 inquinamenta
589 1903 747 1990 accendi,
769 1906 919 2002 cierique
942 1909 995 1978 vi·

25 2007 126 2077 detur.
198 2009 302 2087 Quos
339 2007 433 2076 enim
468 2004 607 2078 morbos
637 2004 887 2088 medicamenta
922 2034 994 2082 non

31 2107 148 2194 imant,
169 2105 347 2200 interdum
371 2121 469 2178 curat
489 2105 593 2178 febris
614 2105 663 2198 *).
715 2109 811 2179 Hinc
834 2131 904 2178 non
928 2111 993 2180 im·

26 2226 139 2280 mento
165 2234 474 2294 irrevocanda,
516 2231 721 2296 earunvS,
764 2234 996 2282 contentiva

27 2337 177 2399 causus,
200 2311 328 2406 aliique
343 2308 430 2380 bene
448 2311 552 2382 multi
565 2335 640 2382 eam
662 2335 733 2390 non
754 2309 994 2410 modo'luper·

28 2415 128 2485 venire
142 2412 341 2510 quibusdam
359 2411 489 2484 morbis
504 2427 725 2509 exoptarunt,
749 2438 870 2486 verum
885 2416 995 2490 etiam

27 2515 64 2586 de
85 2513 241 2590 industria
267 2514 480 2588 excitandam
504 2513 707 2612 quandoque
729 2517 993 2614 praeceperunt.

28 2620 96 2688 Hac
110 2620 230 2722 quippe
245 2618 392 2715 impuri,
418 2615 531 2701 crudi,
559 2611 733 2716 superflui,
761 2632 820 2690 aut
840 2615 994 2710 stagnan·
1044 2709 1047 2716 Δ
1111 2681 1116 2694 .

29 2733 76 2788 tes
90 2721 244 2792 humores
265 2717 485 2816 subiguntur,
514 2732 757 2804 attenuantur,
786 2735 995 2818 coquuntur²

33 2837 214 2906 mouentur,
244 2837 484 2892 excernuntur.
538 2821 657 2900 Quare
678 2819 832 2918 plerique
854 2820 996 2918 leripto·

41 2945 88 2988 res
110 2923 327 2997 salubritatem
356 2921 506 2994 febrium
525 2921 574 2992 ita
592 2917 830 3007 celebrarunt,
863 2935 901 2994 vt
922 2921 997 2992 veri

41 3022 135 3094 etiam
155 3027 312 3097 terminos
334 3023 545 3095 excederent.
599 3025 681 3104 Quo
709 3019 835 3094 latium
858 3021 923 3108 est,
956 3038 996 3094 vt

35 3147 280 3198 weatnorrus
307 3124 460 3211 suarum,
497 3140 534 3196 et
561 3127 665 3221 periti
691 3123 816 3198 medici
840 3127 996 3224 partium

32 3219 88 3296 elle
107 3227 249 3314 duxerit,
282 3224 420 3300 fantum
444 3227 658 3300 laudantium
685 3224 995 3314 licentiam-dotto,

33 3329 159 3426 utilique
174 3331 337 3430 opusculo
348 3335 381 3421 o)
398 3328 581 3401 refrenare.

71 3451 95 3526 ¹)
112 3453 204 3517 Febre
219 3451 402 3534 quandoque
414 3467 552 3514 curantur
565 3453 745 3533 apoplexiae,
762 3445 917 3532 paralyses,
934 3449 996 3540 epi·
1028 3448 1031 3454 ’
1075 3419 1078 3431 ⁸

36 3529 139 3612 lepsue,
159 3535 380 3611 conuulfiones,
402 3535 585 3614 arthritides,
608 3533 819 3600 obstrutliones
833 3551 889 3599 etc.

67 3621 94 3698 ι)
112 3619 153 3682 De
164 3621 321 3683 limitandis
327 3620 425 3703 febris
438 3619 576 3682 laudibus.

351 3773 575 3870 utu.

83 3899 209 3976 Inhane
224 3902 310 3976 adeo
325 3901 523 3998 frequenter
535 3901 694 3976 incidunt
708 3904 876 3988 homines,
895 3900 998 3998 cujus·
1018 3905 1168 3988 rorefec-

40 4017 163 4098 cumque
176 4009 318 4090 aetatis,
343 4003 452 4090 sexus,
478 4009 761 4103 temperamenti,
787 3997 848 4076 aut
863 3975 1162 4095 habitusfflgffm

39 4094 162 4195 fuerint,
200 4123 241 4180 rt
263 4131 330 4182 vna
357 4109 463 4182 tertia
489 4133 568 4214 pars
600 4115 876 4197 enarrarunt),
914 4105 1001 4176 duae

916 4228 999 4278 Vero
