2728 4918
903 335 953 420 ³19

8 536 94 602 aera,
119 509 233 612 etperl
215 487 311 584 felia
327 505 446 604 clastra
461 491 592 598 essent,
599 521 636 583 et
651 507 706 608 eju‘
709 457 816 587 lm'odi
828 513 952 592 humo·

9 643 89 690 rum
110 531 237 686 inlarstu
257 609 550 702 distraherentur,
575 629 855 714 urgerenturque,
881 639 952 696 non

9 735 120 789 tamen
131 712 258 814 pollent
274 713 313 786 se
336 713 372 785 se
391 711 577 802 restituere,
605 716 768 813 quamdiu
783 717 950 812 stagnans,
1010 736 1013 753 ¹

20 816 185 916 aggestusqu
186 810 379 890 ehumor
369 843 406 888 ιιι
422 815 601 910 easdem
569 841 641 889 vim
655 817 796 892 faceret.
844 821 951 906 Quod

15 918 42 992 ii
52 923 163 992 iunior
143 845 370 1004 recederet
395 917 572 1017 minusque
584 935 730 1010 urgeret
747 945 817 994 non
833 931 952 998 tamen

8 1017 333 1106 falerestituerent,
362 1016 424 1090 nid
447 1031 601 1106 tantum,
628 1033 796 1118 quantum
812 1021 952 1100 iuillent

5 1122 182 1212 distentae·
207 1147 312 1218 neque
324 1116 470 1220 pollent
495 1121 587 1219 qudd
601 1121 774 1196 luminum
789 1121 845 1212 est,
867 1151 950 1199 con·

5 1176 313 1320 benteliqibrinid
325 1247 404 1294 eam
416 1225 650 1295 celeritatem
640 1227 832 1324 rmpertire,
847 1253 952 1324 quam

15 1327 58 1395 ab
72 1319 322 1424 eoaccepillent.
361 1323 401 1396 Id
416 1340 538 1401 autem
551 1342 766 1424 nequaquam
781 1312 953 1402 sufficeret
1031 1376 1034 1391 ·

14 1427 55 1498 ad
68 1427 243 1519 augendam
256 1426 475 1499 celeritatem
490 1427 679 1500 humorum
697 1429 892 1518 fluentium,
910 1445 950 1504 vt

5 1529 187 1628 petebatur.
214 1529 359 1626 Atque
346 1535 384 1598 ni
397 1530 521 1626 quiuis
528 1531 688 1630 grauiore
702 1531 947 1628 inflammatio·

5 1657 41 1702 ne
54 1631 222 1726 sanguinis
236 1645 387 1715 motum,
402 1632 683 1729 celeritatemque
702 1634 852 1729 (quando
866 1659 947 1708 cum

5 1733 91 1804 iebre
110 1731 168 1824 est)
191 1734 329 1826 augeri,
358 1732 576 1830 intendique,
598 1757 669 1804 non
688 1735 796 1806 modo
819 1761 859 1807 ex
878 1761 947 1809 vna

5 1839 151 1908 omnium
167 1835 413 1936 obseruatione
426 1833 574 1921 constet,
597 1861 718 1908 verum
733 1839 838 1908 etiam
855 1839 947 1911 vitro

5 1937 125 2010 latetur
136 1937 281 2038 ipsemet
294 1961 371 2006 rav
377 1945 585 2008 vacabimus
613 1941 732 2020 Quare
741 1953 780 2008 vt
796 1941 947 2036 aliquani

5 2038 90 2112 anua
100 2039 237 2134 buquiee
248 2057 369 2111 motus
380 2034 526 2110 caulium
534 2038 688 2134 adducat
689 2043 871 2138 ,quoniam
887 2055 947 2112 ne·

6 2165 73 2230 que
89 2139 132 2212 ab
147 2141 351 2238 hydraulicis
373 2138 521 2258 legibus,
548 2165 660 2238 neque
682 2140 724 2213 ab
739 2140 945 2215 'elallicitat'e

5 2241 201 2314 deriuandus
221 2257 308 2329 erat,
337 2241 381 2312 ad
402 2243 536 2312 animae
554 2242 711 2335 confugit
726 2241 942 2342 potestatem,

5 2343 91 2440 cujus
101 2345 290 2430 voluntate,
298 2357 350 2442 et
364 2339 451 2439 jullu
465 2367 546 2416 cum
560 2365 815 2418 ετιιιιιιιιιιι
830 2361 942 2444 putat,

5 2473 57 2518 cor
68 2447 440 2519 adielevehementrus
451 2444 661 2518 mouendum
677 2447 819 2546 impelli,
830 2445 943 2547 licque
1009 2445 1011 2454 ⁴

6 2547 94 2620 audio
106 2550 294 2622 humorum
308 2561 410 2620 motu
423 2549 527 2635 eniti,
547 2563 585 2623 vt
602 2545 756 2648 opposita
773 2547 944 2672 obst-acula

6 2649 205 2749 superentur,
227 2665 274 2723 et·
270 2651 458 2722 ·.toll'antur

46 2756 160 2825 XXVI.
177 2757 277 2826 Haec
293 2761 577 2824 asavvactero
588 2747 758 2824 subtiliter
773 2754 943 2852 disputata

6 2875 282 2952 quanquamvero
296 2856 452 2954 proxima
467 2850 541 2944 lint,
551 2854 845 2952 consentiantque
845 2870 943 2952 proti

6 2953 60 3024 l'us
80 2977 158 3026 cum
173 2953 469 3042 obieruationibus,
497 2981 584 3053 quae
599 2983 619 3027 ιι
635 2957 679 3026 cl.
694 2957 776 3027 viris
799 2957 836 3027 in
854 2959 944 3027 riuis
985 3031 988 3038 ,
1062 2977 1070 2998 ·

6 3053 208 3128 animalibus
224 3057 358 3132 habitae
372 3057 540 3146 fuerunt;
535 3081 626 3129 non
640 3072 762 3133 tamen
778 3057 947 3154 ejusmodi

6 3159 95 3230 nobis
117 3159 293 3247 ridentur,
327 3185 414 3258 quae
434 3183 556 3253 cogere
579 3176 669 3231 eum
688 3156 876 3233 debuiffent
901 3161 970 3234 ,g

6 3257 265 3358 ampledlendem
292 3273 624 3338 ιιιιιιιιιιοιινιι
650 3261 871 3347 sententiam,
901 3262 943 3334 de

6 3365 110 3434 anima
125 3363 253 3438 scilicet
270 3365 439 3450 omnium,
463 3378 499 3434 et
514 3365 699 3462 praecipue
718 3362 841 3447 cordis,
868 3388 944 3436 mo·

6 3477 102 3536 tuum
114 3463 328 3564 effectricem
329 3491 375 3538 uo
390 3465 605 3538 commodius
620 3461 758 3536 audium
773 3465 943 3556 sanguinis

6 3566 45 3636 ad
59 3581 187 3664 purtem
201 3567 454 3642 inflammatum
468 3565 645 3665 appulsum
661 3580 829 3637 meretur.
874 3573 942 3638 De

7 3663 143 3755 διειιιιιι
163 3672 282 3772 potius
308 3690 389 3742 eum
412 3669 454 3744 ad
479 3667 711 3772 suspicandum
737 3667 964 3779 compellere

16 3763 270 3859 oblinistionem,
283 3797 343 3845 cur
330 3762 588 3846 inflammatio
603 3748 829 3856 tribuebatur,
851 3794 944 3842 com·

12 3871 190 3948 mentitum
204 3863 280 3965 ell'e,
303 3889 424 3971 vtpote
437 3871 684 3972 phaenomenis
700 3824 944 3944 inflammatio·

6 3973 57 4040 nis
73 3973 341 4069 praeliandis'e
280 4001 320 4048 ιιι
303 3990 456 4149 flptam
478 3975 543 4046 vel
548 3971 673 4046 retlius
687 3973 865 4046 interdum
879 3997 946 4070 pro

13 4069 278 4156 inflammationis
375 4073 431 4154 diu
441 4073 661 4253 habendam,
677 4075 758 4148 vel
754 4071 948 4246 liquando

840 4168 948 4245 ruffae
963 4251 968 4260 ,
