2728 4918
128 281 293 384 ‚x

236 481 295 546 res
315 461 449 565 essent,
509 473 627 571 quam
646 471 801 544 naturae
823 459 1180 564 consonumsoret,
1213 479 1309 552 auss
1348 523 1349 572 3

236 577 322 686 plus
344 573 566 668 subtilitatis,
597 595 713 684 quam
739 574 823 658 veri
843 576 1031 662 baberent.
1090 585 1192 660 Hinc
1215 607 1302 660 ve·
1348 607 1349 614 ¹

107 709 109 726 ·
177 745 181 762 »
235 685 435 774 hementer
457 687 713 793 ambigebam,
757 715 839 798 quo
874 687 1303 776 mihi·.confrstendum
1348 697 1349 786 J

235 803 336 886 esset,
394 801 601 885 Accidebat
617 809 730 884 etiam
749 829 830 910 non
844 827 939 898 raro,
955 824 995 894 vt
1009 831 1099 898 vn0,
1121 805 1300 886 eodem-

235 941 311 1028 que
325 923 486 998 nomine
502 915 704 1023 descriptas
719 915 1083 1015 inueniremsebres,
1109 944 1206 1026 quae
1222 922 1299 1000 in·
1348 931 1349 1026 J

186 1072 189 1084 ·
235 1049 294 1114 ter
314 1029 350 1112 se
378 1027 552 1126 collatae,
606 1050 919 1140 comparataeque
943 1037 995 1114 ita
1017 1029 1291 1138 discreparent,
1348 1061 1349 1066 ¹

238 1170 356 1256 quam
383 1150 479 1253 quae
509 1149 697 1238 mammes
748 1162 786 1224 et
807 1164 937 1226 contra
970 1171 1115 1244 vnam,
1149 1139 1287 1258 ipsissi-

208 1329 210 1338 .
235 1281 418 1367 mamque
439 1253 593 1352 febrim,
621 1276 661 1336 vt
682 1255 1031 1362 exdescriptione,
1053 1257 1288 1362 symptoma-

235 1370 411 1480 tibusque
436 1366 627 1480 liquebat,
671 1365 822 1455 diuersis
842 1369 972 1478 saepe,
996 1390 1053 1454 ,et
1078 1375 1187 1452 variis
1208 1395 1290 1450 no·
1348 1441 1349 1474 ,

238 1483 407 1570 minibus
428 1511 453 1566 a
473 1479 716 1589 scriptoribus
739 1479 960 1588 insignitam.
1017 1489 1135 1586 Haec,
1163 1490 1289 1592 'atque
1348 1577 1349 1580 p

236 1598 305 1685 alia
331 1597 515 1698 ejusmodi
545 1591 718 1702 profesio
740 1591 936 1698 faciebant,
960 1597 1189 1706 vtsquotidie
1205 1622 1287 1678 no·
1340 1698 1345 1707 ,

197 1704 306 1816 „rae
334 1709 431 1807 mihi
461 1708 603 1800 caussae
635 1705 793 1808 essent„
824 1735 904 1820 quo
936 1715 1108 1792 minuse
1139 1708 1286 1814 dubiis,

204 1824 465 1932 'incertisque
502 1823 724 1922 hujusmodi
757 1825 860 1906 vadis
900 1828 1089 1928 emergere
1119 1821 1284 1930 possem.

102 1933 106 1939 ’
177 1940 179 1950 ’
235 1945 330 2023 Non
354 1959 480 2020 umen
506 1938 569 2020 hic
593 1941 724 2021 animo
749 1937 880 2020 cecidi.
937 1944 1050 2045 Spem
1072 1941 1286 2018 enimom-

58 2077 59 2084 ¹
236 2079 349 2156 nem,
394 2079 492 2160 quae
524 2049 619 2154 mibi
648 2047 874 2156 su·pererat‚·
897 2055 942 2134 in
971 2077 1020 2134 eo
1053 2050 1198 2154 locaui,
1239 2068 1283 2130 et

71 2173 73 2184 ’
130 2189 148 2244 “,
236 2167 377 2274 posui,
395 2187 436 2246 vt
462 2162 578 2252 libros
603 2191 739 2246 omnes
766 2163 813 2272 dp
830 2161 995 2246 febribus
1013 2184 1179 2270 agentes,
1209 2167 1281 2274 qui

236 2274 443 2364 subinde'a
467 2276 691 2361 dosiisfimis
715 2281 806 2358 viris
831 2277 1047 2376 ederentur,
1082 2279 1306 2388 quotquot'

235 2392 399 2500 possem,
425 2391 594 2492 vndique
616 2397 895 2500 conquirerem,
930 2390 1106 2494 legerem,
1133 2411 1172 2473 et
1194 2417 1279 2497 per-
1348 2491 1349 2498 Ν

164 2540 168 2548 ¹
235 2506 422 2611 legerem3
460 2524 498 2586 et
521 2501 661 2613 quibus
682 2508 722 2584 in
744 2503 854 2586 rebus
883 2499 1154 2606 consentirent,
1192 2508 1274 2611 qui-

108 2653 109 2660 ¹
150 2641 154 2648 ·
235 2620 382 2730 busque
406 2609 664 2726 nequaquam,
701 2616 841 2698 assidue
863 2611 1099 2713 adnotarem,
1125 2615 1279 2699 caussas-

144 2715 170 2834 ⁸.
236 2760 315 2845 que
340 2733 644 2840 peruestigarem,
684 2757 772 2832 eur,
808 2728 873 2812 vbi
897 2729 1082 2814 discordes
1103 2729 1301 2813 videbaris
1348 2755 1349 2766 ¹

146 2841 160 2872 ²
221 2867 317 2951 tur,
341 2851 381 2926 in
405 2839 607 2930 contrarias
629 2842 778 2926 iuiffent
800 2843 1030 2953 sententias„
1065 2849 1277 2940 Continua-
1348 2933 1349 2936 Ν

236 2979 280 3042 to
318 2959 364 3040 ad
393 2983 516 3040 annos
552 2958 699 3068 aliquot
726 2949 905 3064 improbo
917 3022 933 3064 ,v
975 2983 1073 3065 pene
1106 2956 1276 3060 dixerim,

176 3121 181 3138 ι
235 3071 459 3173 huiusmodi
485 3071 644 3172 labore,
666 3085 828 3154 mecum·
844 3071 982 3154 deinde
1003 3071 1181 3152 constitui
1205 3062 1282 3150 sina
1348 3113 1349 3152 ;

225 3186 323 3294 -gula
346 3185 508 3268 aliorum
539 3185 586 3267 de
609 3180 775 3266 febribus
798 3191 976 3290 cogitata,
1014 3203 1052 3281 et
1076 3185 1275 3283 commerrss

123 3333 126 3344 ¹
160 3335 166 3342 ’
234 3320 271 3382 ta
304 3297 351 3382 ad
386 3299 531 3404 lydium
564 3293 665 3408 quasi
691 3296 854 3404 lapidem
880 3301 1131 3404 experientiae
1161 3323 1281 3381 reuo-.
1348 3317 1349 3396 j

155 3449 157 3460 *
189 3413 203 3520 Ἀ
234 3439 346 3519 aare,¹
366 3429 480 3522 atque
504 3410 733 3519 expendere,
763 3430 804 3492 vt
828 3439 1011 3522 quaenam
1032 3437 1171 3498 earum:
1186 3435 1274 3518 pro-

157 3529 160 3540 '
233 3531 320 3636 pius
343 3553 434 3607 vero
455 3523 692 3622 accederent,
743 3549 930 3635 quaenam
953 3523 999 3608 ab
1022 3525 1165 3608 ‘eodem
1189 3523 1273 3606 lon·
1348 3557 1349 3578 ÷

122 3643 124 3652 '
233 3645 320 3748 gius
343 3638 569 3740 aberrarent,
625 3637 836 3722 luculenter.
864 3659 1069 3747 appareret.
1153 3637 1272 3744 Qrid-
1348 3629 1349 3672 ¹

186 3829 188 3850 ,
233 3753 328 3864 quid
351 3757 474 3858 igitur
495 3751 706 3834 multorum
740 3779 930 3843 annorum
955 3753 1101 3856 studio,
1153 3753 1272 3836 medi·
1348 3789 1349 3806 Ν

119 3913 121 3926 ·
231 3873 396 3969 ratione,
434 3885 564 3976 atque
599 3863 680 3946 vsu·
698 3867 795 3948 mihi
819 3867 1003 3972 constitit,
1050 3866 1115 3949 aut
1136 3863 1277 3976 reslius
1348 3881 1349 3934 ῖ

82 3981 84 3988 ’
230 3979 297 4084 bis}
314 3980 364 4063 de
385 3977 498 4102 rebus
521 3979 745 4088 visumest,
763 3977 968 4085 idomas,
997 3965 1271 4174 qualecdbmque
1348 4053 1349 4094 ἶ

243 4127 246 4136 ’
773 4129 776 4136 ¹
1104 4119 1270 4176 emam
1348 4121 1349 4174 r
