2670 4896
305 402 355 472 70

308 565 510 650 discutiunt,
535 566 655 662 'prout
681 557 809 646 tenfio,
852 557 1034 654 dolorque,
1074 571 1134 630 aut
1162 558 1319 650 feruor,

308 667 509 763 laxitalque,
552 679 611 736 aut
641 661 790 747 ficcitas,
836 677 896 732 aut
925 658 1067 730 humida
1095 665 1320 758 temperiem,

307 768 509 864 illuuiesque
530 765 640 856 setosa
663 765 824 836 videntur
850 761 1035 859 exposcere.
1088 762 1319 858 Plerumque

308 873 348 957 in
373 871 500 954 initiis,
536 883 571 940 et
602 864 671 936 fine
694 859 781 963 quae
808 865 1020 960 reprimunt,
1059 862 1323 960 roborantque

311 971 464 1044 adhiberi
477 968 603 1054 solent,
628 961 689 1037 nisi
711 965 794 1066 quid
814 954 906 1037 aliud
927 962 1041 1038 morbi
1062 966 1171 1053 ratio,
1194 990 1314 1064 expe·

310 1074 504 1170 rientiaque
522 1070 671 1167 suaserit.

360 1267 493 1348 LXXII.
546 1273 612 1343 Hie
635 1271 742 1363 igitur
762 1268 1004 1340 resolutionem
1028 1267 1205 1355 molimur,
1241 1267 1315 1342 led

305 1375 349 1450 'in
380 1375 517 1467 fingulis
551 1365 749 1470 opportune
776 1368 1046 1442 administrandis
1077 1395 1157 1442 cura
1188 1395 1315 1466 quam

310 1480 459 1552 maxima
476 1473 668 1556 adhibenda
685 1470 749 1557 est,
777 1498 821 1548 ne
844 1470 921 1567 justi
945 1471 1189 1544 moderationis
1209 1468 1313 1542 fines

313 1580 527 1657 excedantur.
573 1581 619 1647 ·In
651 1576 772 1672 primis
808 1589 951 1646 naturae
981 1589 1098 1646 motus
1125 1575 1175 1644 ita
1205 1587 1310 1644 tem·

95 1683 99 1692 '
195 1715 197 1726 =
314 1681 457 1780 perandi
486 1679 579 1764 lunt,
613 1694 653 1748 vt
675 1693 748 1765 tam
773 1679 834 1772 qui
856 1677 956 1748 nimi-i
978 1675 1157 1761 videntur,
1192 1699 1314 1771 quam

313 1785 373 1880 qui
402 1779 597 1865 deficientes
618 1778 672 1849 'ad
702 1793 840 1851 auream
877 1765 972 1876 illam
1008 1777 1308 1864 mediocritatem,

313 1907 417 1982 quam
441 1883 565 1978 vbique
591 1879 848 1952 commendauit
869 1905 1175 1964 superuacuus,
1206 1880 1305 1954 redi·

315 2001 460 2079 gantur3
491 1997 614 2082 vtpote
635 2007 702 2080 qua
725 2007 811 2079 opus
836 1978 899 2066 est,
918 1995 970 2051 ‘vt
991 1979 1131 2058 morbus
1152 1979 1196 2051 ad
1220 1979 1301 2052 leli-

282 2149 284 2162 .
314 2113 390 2160 cem
405 2089 409 2106 '
422 2089 551 2160 exitum
585 2084 803 2183 perducatur.
876 2087 962 2155 Nun
990 2106 1072 2176 ergo
1102 2081 1305 2182 improuide

315 2192 404 2265 vires
424 2182 544 2260 ¹vitales
558 2177 796 2288 “profligandae
811 2181 907 2270 sunt,
939 2209 1050 2281 neque
1072 2183 1166 2256 calor
1188 2185 1310 2256 extin-

200 2327 204 2334 =
316 2291 470 2384 guendus
500 2291 569 2373 ita,
616 2302 655 2358 vt
686 2284 870 2378 subigendo
899 2285 1040 2373 morbo,
1083 2282 1308 2382 cottionique

316 2391 544 2492 perficiendae
570 2415 640 2468 non
667 2390 812 2459 valeant.
846 2435 849 2444 ι
878 2393 973 2460 Nam
998 2387 1150 2485 ,quadam
1177 2386 1306 2458 solida·

317 2519 397 2566 rum
430 2493 582 2592 partium
615 2492 667 2577 vi,
712 2503 748 2560 et
779 2486 958 2564 moderato
993 2489 1141 2587 quodam
1174 2490 1311 2562 caloris

317 2594 424 2694 gradu
447 2619 532 2692 opus
553 2590 617 2677 est,
649 2607 687 2662 vt
716 2590 854 2662 irritans
876 2585 986 2662 caulla
1008 2591 1205 2676 edometur,
1238 2605 1308 2664 aut

317 2693 475 2770 diathefis
512 2691 735 2794 phlogistica‚
781 2706 841 2763 aut
877 2689 998 2779 effufi,
1019 2775 1020 2780 ἵ
1044 2689 1307 2789 stagnantesque

317 2801 497 2884 humores,
530 2798 590 2892 qui
618 2794 710 2866 forte
733 2793 862 2881 ,discuti
890 2789 1136 2890 nequiuerunt,
1170 2791 1306 2888 cestio-

318 2927 418 2983 nem,
464 2914 503 2970 vt
532 2912 677 2980 vocant,
724 2895 963 2992 purulentam,
1005 2893 1074 2968 siue
1100 2895 1308 2995 pepasmum

317 3002 476 3088 subeant,
514 3014 549 3068 et
574 3023 636 3094 per
664 2996 772 3096 sputi,
811 3012 871 3068 aut
898 2999 1034 3083 vrinae,
1081 2997 1143 3069 aut
1169 2996 1307 3070 sudoris

317 3107 389 3175 vias
418 3101 650 3198 expellantur,
696 3115 756 3170 aut
783 3097 825 3168 ad
858 3099 934 3170 loca
961 3093 1026 3170 alia
1054 3124 1117 3196 per
1146 3087 1307 3192 claudentia

318 3203 589 3292 transferantur,
612 3197 786 3296 finemque
803 3199 926 3272 morbo
944 3200 1091 3298 feliciter
1104 3203 1305 3300 imponant.

334 3461 335 3464 ,
368 3409 517 3488 LXXlll.
544 3403 584 3476 ld
603 3404 792 3502 praecipue·
809 3404 844 3474 in
868 3403 979 3488 febre,
1011 3427 1115 3504 quam
1139 3407 1307 3481 ardentem

320 3532 550 3580 enarremus
586 3507 820 3604 nuncupauit,
864 3506 922 3577 alii
955 3533 1036 3580 vero
1069 3502 1306 3579 inflammato·

319 3612 426 3694 riam,
455 3610 579 3704 inqua
602 3609 767 3679 nimirum
792 3607 885 3680 nulla
910 3604 1085 3700 fingularis
1108 3615 1204 3706 pars,
1246 3607 1307 3679 sed

319 3709 513 3782 uniuersum
542 3708 614 3781 lere
640 3713 765 3808 corpus
789 3705 957 3796 afficitur,
992 3710 1133 3782 accidit:
1166 3703 1306 3784 inflam-

319 3813 467 3884 matoria
487 3812 580 3884 enim
602 3811 771 3904 sanguinis
795 3806 953 3882 diathesis
976 3807 1132 3894 tutilone
1151 3812 1200 3882 ita
1224 3835 1305 3884 mu·

319 3928 432 4000 tatur,
462 3928 501 3984 vt
524 3915 619 4010 prius
639 3912 736 4009 saepe
755 3910 902 4008 speciem
922 3909 1066 3997 referat,
1091 3913 1306 4010 prodeatque

323 4037 404 4088 cum
431 4015 554 4101 trinis,
586 4015 625 4106 in
649 4011 771 4112 quibus
792 4009 852 4096 ¹sub
874 4010 1000 4112 lorma
1014 4012 1194 4108 sedimenti
1222 4011 1304 4099 albi,

476 4119 482 4126 ’
1185 4114 1303 4192 lauda·
