2728 4918
913 393 917 400 ·
1000 367 1095 434 xm

1 595 2 598 a
47 532 289 672 praelegenda·
308 543 381 640 p'ro
383 529 538 618 fellorio
553 541 715 637 ιιιιιιιιιι,
743 562 875 649 aquo,
902 537 1005 650 quid
1013 543 1149 626 sen·
1193 583 1196 590 ¹

1 658 2 678 ¹
48 651 221 756 tiatiple‚
262 648 366 758 quid
392 650 546 752 ttrtuat,
585 651 683 764 quid
706 651 869 750 judicet,
900 657 1150 740 auditores

57 772 122 847 iure
137 789 260 871 prope
280 761 357 857 suo
374 789 456 845 non
471 757 595 845 modo
613 783 758 870 petunt,
787 765 975 850 sedetiam
992 769 1093 854 effla

55 883 172 984 girant:
197 902 448 987 quamquam
472 875 684 968 ideramer
698 904 806 986 parce
821 875 1000 967 launna
1019 910 1092 972 no-

52 991 102 1073 bis
124 988 173 1092 tir,
203 1011 243 1074 et
272 1009 364 1070 tum
385 988 535 1093 solum,
550 1017 646 1075 cum
669 1018 726 1076 res
748 990 940 1089 obscurae,
968 1016 1005 1078 et
1021 993 1092 1080 dis·

1 1191 2 1208 q
48 1103 150 1186 licilir
173 1103 427 1208 indaginisle
448 1100 737 1207 leobtulerunt,
764 1105 811 1188 de
827 1105 974 1216 quibus
981 1135 1093 1202 exer

52 1223 237 1298 citationis
259 1213 386 1298 cautla
411 1215 616 1328 aliquando
635 1217 834 1324 disceptare
855 1245 927 1302 nec
943 1221 1130 1328 inutile,-

61 1357 128 1412 nec
152 1330 410 1430 injucundum
443 1330 741 1414 adolescentibus
776 1331 1114 1438 existimamus„

61 1463 96 1524 nt
112 1442 268 1539 scilicet,
297 1470 379 1553 qua
397 1447 564 1546 ratione,
600 1467 638 1526 et
662 1445 797 1528 ordine
821 1447 1090 1552 incedendum,
1138 1519 1140 1526 ,
1174 1487 1177 1494 ·

51 1558 254 1667 quibusque
266 1556 854 1662 argurnentationibusvtendnm
869 1557 913 1640 st
927 1561 974 1644 ad
990 1563 1092 1656 crtus·¹

1 1667 2 1674 ‘
48 1673 95 1752 tas
120 1669 164 1752 ab
183 1669 394 1752 effedlibus
416 1671 665 1769 deducendas,
691 1671 996 1784 diuinandasque,
1024 1695 1091 1761 aut
1222 1749 1224 1760 r

48 1785 164 1866 nodos
193 1787 471 1896 quaestionum
491 1783 718 1880 soluendos,
753 1785 933 1894 exemplo
953 1787 1089 1900 aliquo

49 1899 287 1984 edoceantur
346 1899 630 1982 Medicamenta
641 1897 782 2018 ubique
798 1926 912 2009 quam
928 1901 1091 2008 plurima
1135 1893 1147 1908 “

50 2015 86 2092 ιι
99 2009 248 2117 singuiis
267 2011 532 2093 curationibus
548 2032 624 2094 tam
641 2007 831 2118 simplicia,
849 2041 976 2125 quam
982 2033 1089 2104 com

1 2150 2 2153 ‘
56 2123 596 2228 polrta'commemorauinrus,
625 2153 687 2211 ne
698 2133 738 2208 ιιι
761 2127 908 2210 summa
925 2129 1089 2212 auxilio·
1125 2137 1131 2148 “

52 2263 150 2336 rum,
180 2239 325 2350 quibus
349 2237 467 2320 bodie
496 2239 673 2347 medendi
694 2267 750 2322 ars
768 2239 951 2344 abundat,
984 2241 1090 2328 vuer

1 2426 2 2430 a
50 2371 115 2434 tate
133 2359 246 2458 egeni
279 2373 396 2462 atque
421 2357 556 2460 inopes
582 2355 828 2456 videremur,.
838 2375 903 2436 aut
927 2355 1088 2440 necessa.
1215 2456 1223 2473 .

47 2470 104 2546 riis
129 2467 388 2567 adjumentis,
417 2464 493 2550 siue
512 2472 626 2549 arinis
646 2467 830 2570 destituti,
853 2465 991 2580 quibus
1014 2469 1090 2554 ho

45 2579 109 2660 lies
124 2577 468 2663 transfoderentur.
527 2587 701 2665 Monrtos
716 2603 843 2664 tamen
865 2587 1008 2666 tirones
1023 2613 1088 2668 ve

45 2692 128 2790 lim,
159 2721 214 2776 ne
237 2689 305 2774 fibi
328 2695 587 2800 persuadeant,
614 2699 738 2784 mein
766 2694 838 2776 illis
862 2723 1088 2780 enumerari

44 2807 115 2906 dir,
161 2828 204 2890 et
225 2809 488 2920 proponendis
512 2807 704 2918 aliquanto
729 2808 942 2912 longiorem
966 2811 1088 2914 fuiffe,

44 2944 83 3000 ιι
105 2918 249 3002 cundia
285 2921 448 3027 semper,
489 2941 554 3004 aut
584 2922 802 3036 promiscue
822 2921 989 3010 adbiberi
1021 2924 1088 3008 de

44 3033 178 3128 beant,
218 3031 316 3144 quast
339 3063 387 3116 ex
407 3062 544 3148 eorum
567 3063 731 3124 numero
754 3059 827 3140 ego
848 3035 995 3134 ellem,
1018 3043 1088 3148 qui
1116 3044 1141 3158 ’κ

44 3147 91 3228 ita
114 3174 251 3253 aegros
274 3135 532 3231 remediorum
554 3155 685 3257 copia,
714 3168 752 3232 et
772 3143 982 3258 frequentia
1005 3151 1086 3234 affi-

48 3261 329 3366 domuerant,
359 3281 398 3344 vt
422 3263 562 3348 nullam
587 3291 685 3371 pene
705 3260 808 3396 ipsis,
843 3289 913 3346 nec
936 3284 1090 3348 naturae
1199 3361 1205 3368 ‚
1239 3317 1243 3334 ·

53 3381 217 3482 quietem
249 3374 473 3486 relinquant
536 3383 647 3460 Hanc
669 3383 773 3458 enim
797 3379 1092 3484 pharmacorum

55 3489 228 3600 cuiusque
250 3497 396 3611 generis
416 3487 493 3574 srue
515 3487 798 3598 prosufionem‚
830 3487 911 3576 siue
926 3491 1087 3574 abusum

51 3600 187 3706 semper
221 3594 446 3705 reprobare,
481 3623 519 3686 et
549 3610 664 3688 vitare
688 3603 894 3707 consumi,
944 3603 1087 3713 ριιιιιι,

55 3713 109 3793 led
131 3713 339 3800 leslillimis
358 3736 574 3819 contentus,
602 3737 829 3828 naturaeque
851 3715 992 3802 viribus
1008 3747 1087 3806 ιιιι-ι

61 3831 149 3910 xime
172 3831 355 3912 confisus
414 3833 501 3912 Scio
533 3834 711 3941 equidem
749 3857 869 3942 aeque
905 3819 1088 3918 vitiosum

62 3937 131 4020 elle
147 3963 211 4028 tarn
238 3946 406 4052 penuria
424 3944 668 4048 auxiliorum,
696 3942 792 4026 vbi
782 3975 821 4026 m
849 3951 1088 4050 primitcum
1291 4029 1292 4036 a

1 4059 3 4078 '
57 4053 184 4140 morbo
203 4055 480 4146 decertandum
501 4057 622 4156 valide
645 4059 719 4166 eli,
744 4057 934 4160 laborare,
969 4086 1089 4192 quam
1223 4077 1228 4081 ’

413 4217 417 4227 ι
965 4175 1084 4254 nimiu
