2562 4906
341 323 412 440 ψ
530 295 685 380 effu!
749 327 1002 380 unum
1078 365 1082 372 ,

634 489 1007 606 Prognosa‘s.

602 669 605 678 ’
695 669 947 770 §.cocunt

392 804 514 875 Omnis
535 797 668 873 heilica
690 796 795 872 febris
817 825 879 896 per
902 799 934 869 se
955 798 1052 870 valde
1066 797 1213 870 diuturna
1223 794 1258 884 eil

340 919 377 976 et
396 900 545 979 difficilis
566 903 771 987 curationis,
801 916 839 971 et
854 901 1057 1000 plerumque
1071 895 1139 999 post
1154 901 1255 984 lentan,

339 1007 545 1102 longumque
567 1005 842 1082 consumtionern
863 1019 978 1076 morte
1003 999 1131 1074 finitur.
1183 1006 1252 1074 Gne

341 1109 445 1180 ratim
455 1111 631 1200 primaria,
656 1103 726 1178 saue
733 1104 924 1202 spontanea,
956 1131 995 1176 ex
1009 1103 1164 1204 peruerse
1176 1104 1249 1176 sexta

314 1273 325 1285 .
340 1237 420 1284 rum
437 1235 508 1282 non
523 1208 732 1287 naturalium
746 1205 805 1290 viu
818 1208 855 1277 in
872 1209 994 1306 primis
1003 1209 1126 1300 genita,
1142 1205 1254 1277 nondun

111 1343 114 1350 ’
303 1385 307 1390 ,
339 1313 549 1397 inueterata,
579 1305 1046 1408 corporebeneconllituto,
1079 1309 1187 1380 minus
1200 1309 1255 1402 peri·

260 1465 263 1476 ·
306 1420 316 1433 “
339 1416 410 1486 culi
435 1411 550 1484 hahet.
602 1415 788 1482 Secundaria
815 1411 864 1508 (§.
881 1415 1068 1504 CCCXIII.)
1092 1409 1255 1491 ardentibus,

335 1511 531 1600 'diuturnis,
561 1527 622 1586 aut
637 1513 711 1584 aliis
727 1513 836 1583 acutis
850 1511 1000 1587 febribus
1015 1512 1189 1584 'succedens
1200 1506 1256 1582 uffi-

338 1619 439 1689 cilior
461 1629 593 1697 entatu,
616 1629 653 1686 et
665 1609 885 1714 periculosior
899 1607 1017 1712 paliim
1031 1614 1196 1698 censetur;
1214 1635 1256 1681 nor

307 1811 316 1820 .
339 1721 389 1790 ita
404 1743 504 1804 vero,
532 1741 617 1815 quae
631 1715 924 1808 haemorrhagiis,
950 1715 1089 1814 aliisque
1103 1715 1256 1787 euacuatiu

338 1820 439 1893 nibus
463 1821 578 1890 nimiis
594 1845 633 1889 ex
649 1813 757 1891 caulla
772 1818 925 1890 euidenti
940 1819 1029 1890 natis
1044 1834 1159 1890 ortum
1174 1816 1256 1900 dehet,

333 1935 420 1995 'nam
435 1921 568 1994 facilius
585 1935 660 1993 arte
671 1919 861 1992 discutitur.
887 1921 1133 2018 Symptomatr'ra
1146 1919 1255 1999 demun,

338 2021 420 2098 fieb
434 2023 576 2120 alicujus
593 2023 727 2096 visceris
745 2023 866 2108 ulcere,
894 2036 955 2094 aut
971 2023 1039 2094 alio
1054 2021 1215 2096 incurabili
1226 2019 1254 2088 ri·

297 2219 300 2226 ι
336 2129 389 2200 tio
411 2125 618 2225 dependeat,
641 2126 798 2197 omnium
815 2121 1018 2198 difficillime
1032 2125 1206 2223 superatur,
1223 2145 1253 2190 er·

252 2287 274 2307 ..
336 2244 438 2327 cepta
458 2235 507 2312 ea,
528 2253 614 2326 quae
630 2227 681 2298 lui
697 2251 878 2312 venereae,
907 2225 1086 2314 scorbuto,
1110 2225 1271 2302 enchoriae,

337 2325 566 2427 fimilrhusque
591 2330 780 2400 humorum
811 2343 949 2402 tantum
974 2331 1069 2400 vitiis
1089 2326 1250 2428 superuenit,
1270 2389 1271 2404 ,

331 2431 433 2526 ‘cuju's
449 2429 624 2502 interdum
641 2432 774 2502 curatio
788 2429 954 2530 poffibilis·
962 2425 1172 2528 perhibetur.
1194 2437 1249 2500 Pru
1270 2429 1271 2433 ’

337 2547 433 2606 terea
454 2532 586 2629 primus
606 2529 759 2604 bellicae
783 2532 907 2626 gradus
920 2531 1013 2631 spem
1030 2535 1176 2632 aliquam
1186 2531 1244 2607 lariti

337 2636 425 2707 alter
438 2634 514 2733 plus
529 2627 741 2709 difficultatis
756 2632 910 2722 exhibet;
931 2638 1056 2708 tertius
1071 2637 1169 2732 plane
1181 2631 1242 2705 leth·
1269 2705 1270 2744 ,

335 2737 378 2810 Iis
400 2733 456 2808 est.
506 2744 610 2820 Aetas
630 2761 765 2833 quoque
784 2737 912 2812 variirn
931 2733 1128 2838 prognofim
1141 2729 1246 2836 suppeh‘·
1269 2751 1270 2767 ¹

336 2853 400 2910 tat.
463 2839 629 2932 IunioreS,
647 2837 828 2912 visceribus
843 2833 939 2926 sanis,
964 2853 1001 2910 et
1017 2837 1124 2912 firmis
1138 2831 1248 2942 praediti

336 2943 460 3012 ceteris
484 2939 638 3039 paribus,
671 2937 823 3030 facilius}
845 2939 955 3012 adulti
974 2939 1160 3027 difficilius,
1182 2954 1207 3010 et
1222 2933 1247 3004 st

335 3043 425 3132 rius;
455 3041 565 3129 senes,
597 3065 815 3140 quocumque
839 3037 944 3116 modo
969 3042 1002 3115 se
1028 3042 1184 3130 habeant,
1205 3037 1269 3110 letti

334 3148 553 3240 nunquama)
578 3144 757 3220 euuduntssx
792 3147 877 3217 Non
901 3169 979 3217 raro
999 3145 1113 3218 tenire
1133 3139 1246 3242 primaru

275 3259 278 3276 ¹
334 3245 372 3315 in
390 3243 554 3342 phthisim
572 3246 829 3342 pulmonarem,
853 3245 1001 3346 aliosque
1016 3248 1175 3322 viscerum
1190 3265 1242 3314 nu
1267 3333 1268 3336 Ἴ

331 3344 396 3418 bos
420 3348 638 3418 terminatur.
682 3345 833 3434 ¹Pedum,
864 3363 1081 3424 ‘et‘crururn
1106 3349 1242 3422 nerent

334 3471 420 3544 quae
435 3446 643 3545 prouefflori
658 3450 750 3522 malo
766 3449 860 3547 saepe
874 3449 1089 3537 adueniurit,
1105 3451 1245 3524 conclama·

333 3562 412 3622 turn
427 3545 491 3620 elle
507 3550 550 3620 de
566 3552 658 3642 aegri
672 3551 786 3636 salute,
799 3549 916 3650 palhm
931 3553 1084 3625 indicare
1092 3553 1244 3626 creduntur·

332 3647 511 3722 Funestior
524 3653 609 3723 item
620 3649 749 3725 hostica
764 3651 868 3738 estiis,
886 3656 944 3751 qui
951 3655 1245 3754 temperamento,et
1266 3685 1267 3768 p

285 3820 287 3824 ,
331 3747 452 3822 habitu
466 3753 644 3840 calidiore,
675 3751 880 3854 siccioreque
894 3753 1083 3846 donantur,
1106 3750 1266 3856 quantilli*

330 3849 543 3942 midioribus,
569 3853 870 3956 torofioribusque,

369 4010 401 4087 a)
422 4021 589 4075 rrrnvrr..
610 4005 628 4074 l.
651 4026 673 4069 e·
856 4075 860 4082 .
884 4075 888 4082 .
937 4071 941 4087 .

1135 4151 1242 4236 Curatio.
