2674 4904
179 337 383 406 '66

319 530 418 594 rrum
446 515 628 610 generibus
655 511 850 586 cauendum
872 514 1015 588 omnino
1040 507 1102 600 est,
1137 509 1164 586 li
1185 515 1331 588 ventri

311 622 429 702 culus
456 618 543 716 ipse,
577 630 638 687 aut
666 614 840 702 intestina,
879 632 940 688 aut
963 616 1101 688 viscera¹
1116 616 1171 688 his
1203 618 1331 689 conti

332 745 423 814 gua,
455 735 460 746 ⁴
483 735 519 792 et
566 719 858 798 communicantia
901 711 1176 800 inflammatione
1198 785 1201 794 ,
1225 746 1331 791 exat

290 874 293 887 .
333 822 480 893 deleant.¹
533 825 629 890 Tum
654 821 765 905 enim,
804 815 829 888 sl
857 819 940 916 quid
959 820 1202 917 purgationem
1232 821 1331 892 indi

332 939 420 1007 cet,
437 923 515 993 solis
534 919 749 1016 clysteribus,
780 933 841 990 aut
864 945 951 1018 aqua
970 921 1121 1018 tepenti,
1147 936 1209 992 aut
1231 923 1331 994 oleo

333 1041 393 1097 aut
416 1023 490 1096 sero
518 1022 612 1094 lailis
635 1019 796 1118 fimplici‚
837 1037 897 1092 aut
920 1018 1021 1128 simili
1051 1023 1118 1094 alio
1150 1022 1331 1095 lenissime

332 1129 519 1226 pharmaco
535 1147 610 1194 eam
624 1119 770 1221 praestat
785 1123 911 1194 moliri.
959 1128 1057 1194 Patet
1071 1125 1207 1221 quippe,
1230 1139 1331 1196 tun«

297 1235 301 1242 “
332 1223 533 1300 reuulfionis
556 1249 679 1316 genus,
711 1223 803 1320 quod
824 1226 1038 1296 contrarium
1060 1223 1255 1316 reuulsroni
1280 1227 1331 1299 ef

332 1327 461 1406 fesium
479 1343 632 1427 pareret,
655 1341 734 1398 tuto
751 1318 906 1428 adhiberi
921 1328 1065 1398 minime
1078 1325 1200 1425 polle!

370 1463 374 1494 Ι
503 1483 506 1488 .
722 1469 725 1478 »
856 1475 859 1484 .

382 1537 532 1604 LXVIII.
567 1529 768 1602 Reuelleudi
805 1529 936 1629 pariter
969 1529 1174 1602 indicationi
1215 1530 1331 1604 inser

310 1727 312 1731 ι
331 1636 433 1708 vlunt
453 1633 574 1705 balnea
596 1631 714 1729 tepida
738 1657 922 1719 manuum,
949 1646 985 1702 et
1005 1631 1151 1730 pedum,
1181 1630 1331 1708 somen·

330 1753 369 1809 ta
395 1735 599 1808 extrinsecus
623 1735 731 1805 calide
758 1733 912 1820 admota,
952 1747 1074 1830 utpote
1100 1758 1187 1830 quae
1217 1731 1331 1809 fibras

249 1838 253 1848 ’
331 1841 480 1911 nimium
503 1834 669 1934 rigentes,
704 1850 765 1908 aut
787 1835 915 1933 spasmo
938 1831 1147 1919 contratiae,
1179 1851 1250 1907 aut
1279 1841 1331 1910 ni·

322 1942 443 2013 'mium
474 1936 657 2010 irritabiles
688 1938 823 2030 egregie
848 1936 1026 2022 molliunt,
1059 1939 1234 2025 relaxant,
1279 1956 1331 2012 at·

332 2069 398 2140 que
419 2041 502 2114 adeo
520 2027 663 2112 stimulis
686 2041 800 2110 minus
827 2039 964 2110 idoneas
982 2039 1222 2137 *percipiendis
1248 2041 1331 2114 red·

332 2143 438 2228 dunt,
471 2141 705 2237 sanguinisque
733 2140 885 2227 cursum,
919 2155 957 2211 ct
983 2142 1136 2237 copiam,
1170 2147 1331 2240 amplia-

318 2248 377 2318 'tis
406 2246 578 2317 canalium
598 2243 731 2338 spatiis,
757 2243 922 2336 ,aliorsum
946 2243 1145 2338 proliciunt.
1201 2247 1329 2318 Alior-

331 2348 404 2420 sum
435 2348 557 2431 etiam,
594 2343 848 2439 extrorsumque
862 2339 1115 2420 immanita*
1141 2335 1246 2419 varii'
1266 2373 1327 2441 ge·

215 2517 218 2524 ,
317 2451 421 2530 ,neris
442 2473 506 2546 pro
529 2448 623 2517 varia
642 2443 756 2538 morbi
775 2445 867 2530 sede,
889 2445 1000 2518 modo
1020 2448 1180 2532 remotis,
1211 2451 1328 2522 modo

180 2535 211 2560 ”
330 2552 493 2651 proximis
519 2544 675 2646 partibus
704 2547 909 2618 extrinsecus
933 2562 1129 2646 opportune
1154 2549 1329 2648 impofita

328 2649 529 2726 morbidum
563 2651 746 2722 humorem
774 2667 957 2734 reuocant,
999 2649 1187 2736 reuellunt,
1236 2654 1328 2726 edu-

324 2770 498 2851 cuntque,
533 2749 616 2824 teste
641 2751 848 2848 experientia
869 2752 1000 2848 optima
1022 2754 1128 2824 etiam
1150 2753 1187 2822 in
1214 2757 1327 2828 rebus

230 2899 233 2906 ·
328 2854 472 2929 medicis
497 2849 665 2944 magistra.
719 2858 814 2924 Inter
836 2854 931 2938 haec,
945 2854 1115 2926 excellunt
1138 2855 1326 2933 canthari-r

331 2957 407 3043 des‘,
440 2953 686 3058 euphorbium,
720 2951 1021 3052 sinapisermento
1043 2957 1139 3054 panis
1161 2977 1325 3060 excepta,

330 3074 497 3153 acetoque
510 3073 569 3128 aut
587 3057 659 3132 vini
673 3053 794 3154 spiritu
809 3054 950 3142 subasia,
977 3072 1037 3127 aut
1053 3059 1152 3130 aliter
1170 3059 1207 3128 in
1223 3078 1324 3134 cata«

211 3177 215 3184 ’
305 3165 317 3190 ·“
327 3159 517 3259 plasmatis,
543 3155 730 3254 emplastri,
758 3161 880 3240 cerati,
894 3173 968 3232 aut
982 3160 1146 3250 vnguenti
1161 3157 1323 3238 formans

327 3257 474 3334 redaila.
527 3258 667 3355 Aliquid
682 3260 786 3328 etiam
800 3261 836 3330 in
849 3259 1047 3352 sauguinem
1060 3259 1137 3348 illa,
1162 3266 1322 3358 praescr-l

327 3364 394 3434 tim
409 3359 634 3442 cantharides,
658 3360 865 3446 immittunt,
893 3361 983 3458 quod
997 3363 1218 3454 languentem
1237 3357 1321 3440 nerl

327 3473 470 3552 vorum,
496 3479 531 3533 et
548 3461 710 3534 fibrarum
730 3463 818 3548 vim,
842 3478 877 3534 et
894 3461 1062 3536 aslionem
1079 3463 1255 3552 sollicitet,
1285 3479 1320 3548 et

326 3569 471 3641 nimiam
508 3566 694 3636 humorum
730 3563 773 3636 ad
811 3559 1006 3636 coeundum
1028 3553 1319 3664 ‘propenboneml

327 3684 388 3756 aut
410 3670 598 3752 lentorem,
630 3662 655 3736 fi
677 3667 751 3762 quis
777 3663 839 3752 ell,
872 3667 990 3751 tollat,
1016 3669 1077 3738 a'ut
1096 3669 1224 3755 soluat,
1255 3620 1318 3846 aui

324 3770 455 3842 incidat
474 3772 519 3862 *l
552 3797 553 3801 ¹
572 3768 637 3840 Sed
658 3767 821 3864 quoniam
841 3771 912 3840 acri
936 3767 1086 3864 quodam
1107 3771 1294 3870 volatIliqu

780 3891 784 3898 '
1180 3879 1315 3970 princi«

339 4035 341 4042 '
363 4023 395 4103 *)
415 4019 525 4094 Risum,
549 4038 579 4082 et
593 4017 772 4085 stomachum
787 4035 913 4082 mouent
932 4023 1123 4102 nuperiorum
1142 4042 1204 4084 non
1225 4027 1314 4088 nulli

193 4137 206 4150 ·
319 4109 374 4193 ¹qui
396 4127 469 4186 rou,
497 4108 545 4181 vel
567 4105 659 4168 altero
682 4103 780 4167 sassrci
805 4107 1014 4186 experimento
1043 4106 1146 4185 confisi
1171 4039 1314 4210 protinus

501 4217 503 4222 ¹
533 4217 536 4223 ’
1203 4194 1312 4303 decerq
