2622 4914
208 370 409 420 coarcte.
448 337 753 442 nemra-sur.
887 369 957 440 543

9 529 157 620 inmorum
174 535 347 625 apparatu,
367 534 420 606 uel
431 559 471 606 ex
487 539 611 606 diaetae
623 537 786 608 erroribus
796 539 959 630 prouenit

9 635 100 705 Proui
117 636 263 707 numeres
278 661 320 706 ex
334 650 451 728 partus
465 638 643 720 laboribus,
668 663 704 708 ac
718 642 876 732 doloribus
891 643 959 734 agi·

9 741 55 806 mc
66 736 219 818 calorem,
247 750 279 808 et
287 739 485 830 putredinem
493 738 594 831 facile
612 743 800 832 concipiunt,
815 741 958 835 febrem

9 863 51 932 pue
66 845 204 910 excitant
219 840 264 932 u).
305 839 413 921 Quod
426 864 506 911 vero
523 843 648 915 attinet
661 841 704 936 ad
717 842 848 913 diaetae
863 867 958 913 erro·

9 963 64 1023 us,
90 941 253 1036 quoniam
274 954 310 1010 et
328 939 371 1011 de
392 941 445 1010 his
461 929 678 1014 mentionem
697 945 893 1042 opportune
909 943 927 1016 f
946 983 959 1000 ·
1080 968 1085 980 ‘
1114 943 1118 951 ¹

9 1043 47 1126 it,
78 1066 97 1110 e
113 1066 151 1112 re
164 1043 230 1112 eric
245 1041 301 1112 hic
315 1037 472 1139 ipfiffima
484 1041 556 1136 ejus
571 1042 673 1115 verba
687 1043 834 1121 referre:
860 1045 960 1114 Diae·
1146 1049 1149 1056 ’

9 1169 42 1211 ac
65 1165 187 1214 errores
206 1147 305 1214 vanu
324 1147 423 1214 enodis
437 1149 617 1241 contingere
631 1145 786 1240 pafficn't.'
820 1143 870 1215 Ac
887 1149 961 1237 pri·
1055 1145 1059 1153 ’

9 1269 75 1312 narn
94 1248 125 1314 in
140 1242 240 1328 acta,
266 1249 299 1315 in
316 1271 376 1342 quo
387 1243 571 1338 puerperae‘
579 1247 750 1339 plurimum
763 1249 891 1340 perrdre
901 1247 960 1342 so·

9 1358 66 1431 cad,
79 1337 249 1440 pluribus,
278 1360 309 1417 et
322 1349 451 1446 eopirrſsr
460 1349 599 1444 ferculis
610 1351 651 1442 se
664 1349 705 1443 fe
716 1353 958 1462 ingurgitantes,

9 1471 71 1542 puae
95 1445 273 1541 (efficienter
296 1454 441 1546 concoqui
463 1475 524 1520 non
542 1449 687 1546 poffirnt,
719 1463 750 1522 et
771 1456 803 1522 in
825 1473 959 1543 corpore

9 1555 185 1620 merediana
221 1553 415 1622 contrahunt.
492 1551 591 1622 Alter
621 1575 716 1626 error
743 1556 958 1635 committitur,

9 1655 62 1720 lom
79 1673 255 1744 puerperae
262 1652 389 1748 frigido
402 1657 468 1722 at'ri
484 1653 578 1742 (Hoc
593 1653 701 1750 probe
717 1669 842 1731 notent
858 1652 959 1742 nimii

9 1751 108 1844 'rigidi
126 1755 301 1845 regiminis
316 1756 521 1844 laudatores)
536 1753 577 1850 sc
584 1755 623 1850 se
636 1759 849 1848 imprudenter
864 1781 958 1848 expo·
1038 1807 1040 1815 ,

9 1869 80 1937 mnt,
101 1849 266 1948 praecipue
280 1855 410 1954 urgente
417 1857 515 1952 febre
532 1881 573 1928 ex
585 1856 675 1933 tutta
700 1881 779 1951 quae
788 1882 851 1951 per
858 1857 958 1951 sudo·

9 1979 57 2032 es.
83 1969 115 2025 et
132 1959 335 2055 diaphoresim
351 1957 439 2052 stum·
456 1957 619 2050 consteruit.
669 1960 708 2028 A
709 1957 840 2053 frigore
854 1968 958 2031 autem

9 2061 144 2128 rabiente
162 2063 284 2128 incaute
304 2057 430 2156 adraiffo
452 2061 640 2150 diaphorefir
660 2061 849 2150 impeditur:
878 2061 957 2131 ande
1035 2049 1041 2080 ¹
1072 2119 1075 2128 ,
1192 2089 1199 2112 ·

9 2159 37 2242 it,
61 2173 99 2232 ot
118 2157 221 2248 febris
235 2163 300 2240 illa,
326 2186 405 2258 quae
417 2185 480 2252 per
489 2157 529 2256 se
541 2161 701 2255 salutaris
718 2175 800 2240 erat,
827 2175 859 2232 et
878 2185 960 2253 pau«
1059 2221 1061 2226 s
1236 2255 1239 2264 Ι

9 2265 33 2332 is
48 2258 333 2356 dicbusceffaturo,
362 2267 393 2333 in
404 2267 600 2354 putridam,
618 2262 873 2360 ctlpericulosam
891 2281 956 2334 mu·-
1050 2273 1055 2284 '
1137 2295 1139 2302 s

10 2377 88 2434 etur.
138 2369 213 2434 lmo
230 2362 405 2439 interdum
425 2364 527 2437 lebris
548 2366 632 2436 haec
650 2370 683 2438 in
707 2365 778 2464 ipso
801 2364 957 2460 pariendi
1207 2454 1210 2463 f

9 2491 158 2565 empore,
181 2482 241 2536 aut
257 2468 362 2538 etiam
378 2469 472 2564 prius
489 2493 568 2553 vno,
593 2468 647 2538 vel
661 2466 840 2540 alternate
855 2492 975 2565 puerz·
1104 2543 1109 2564 Ι

10 2595 87 2639 eras
106 2567 248 2651 inuadit,
277 2568 368 2666 quod
385 2595 424 2639 er
438 2567 586 2641 historiis
600 2572 825 2665 Hippocratis
841 2565 954 2666 ipfius,
1030 2561 1033 2572 '

10 2685 30 2738 't
47 2685 178 2740 ceteros
194 2685 422 2766 praeteream,
448 2668 598 2755 conl-lam
624 2673 713 2742 vnde
732 2669 830 2743 facile
850 2670 955 2742 dedu·

11 2773 84 2842 itur
97 2797 210 2866 neque
227 2769 360 2858 alnae,
385 2797 495 2870 oeque
511 2774 683 2859 aluchiis,
711 2769 858 2868 nequet
877 2796 954 2869 per·

10 2873 85 2944 'erio
106 2894 354 2971 puerperarum
371 2877 539 2966 regimine
555 2874 686 2974 semper
699 2873 864 2970 ejusmodi
882 2897 954 2944 mae
1009 2903 1012 2910 ·
1053 2877 1055 2884 ’

10 2975 245 3048 umderiuare.
669 3011 672 3018 .

38 3095 67 3168 ¹⁶)
86 3097 221 3159 Putridae
235 3095 337 3160 febres
351 3118 388 3160 eo
411 3093 492 3160 senia
514 3099 562 3162 hic
580 3099 772 3181 accipiantur,
786 3079 853 3183 ¹quo
866 3117 883 3159 a
896 3098 957 3161 Ga·

10 3175 99 3240 enim
114 3201 242 3262 acceptas
258 3179 340 3263 supra
356 3181 536 3246 tradidimus.
776 3188 778 3194 '

39 3263 73 3348 a)
92 3263 172 3328 rra.
187 3264 256 3328 med.
273 3264 319 3327 lib.
336 3265 401 3327 XV.
421 3287 479 3350 cap.
494 3287 543 3356 24.
558 3275 583 3348 §.
597 3271 624 3334 6.

37 3477 87 3544 At
99 3491 237 3572 praeter
251 3374 438 3552 hicciorum
458 3481 719 3554 antecedentem
740 3473 1125 3576 dyicrafiam,nueenpn

11 3603 18 3644 :
30 3577 223 3672 putridum,
238 3595 299 3652 aut
310 3580 466 3653 biliosum
481 3583 649 3680 inprimis
663 3584 724 3654 viis
738 3595 954 3680 apparatum,

11 3693 48 3748 rt
61 3678 207 3752 subitam
222 3680 478 3779 diaphoreseos,
504 3698 565 3754 aut
581 3684 776 3762 lochiorum
791 3679 954 3780 repulsio·

11 3803 85 3863 em,
113 3781 208 3851 aliam
223 3787 278 3852 vir
291 3782 542 3880 probatissimus
555 3784 689 3882 confflem
704 3779 788 3883 sutis
800 3783 955 3882 frequen·

11 3903 49 3948 cn
65 3878 174 3970 floris
189 3907 424 3976 puerperarum
451 3902 720 3977 commemorat,
753 3887 953 3984 portionem

12 3981 147 4052 delicet
171 3987 319 4080 aliquam
339 3983 619 4076 secundinarum,
649 4004 747 4060 vtero
768 3988 951 4060 adhaerem-
1029 3985 1058 4051 ἶ

11 4105 68 4168 m,
92 4098 154 4156 aut
168 4085 340 4184 sauguinis
353 4095 525 4182 grumum,
551 4106 611 4164 aut
626 4093 714 4164 aliud
724 4093 800 4188 quid
815 4083 954 4185 praeter

396 4210 398 4218 ·
790 4204 952 4262 naturam
