2622 4914
151 302 201 374 up
228 304 353 351 reone
383 260 802 362 ootrrovnrlva‘rrc.
890 281 984 362 607,

5 471 148 562 naligna
165 459 706 564 tolliquatiua'hujusmodifebre
727 446 864 558 uidetur
884 470 1046 548 γυιων
1076 455 1136 546 {an-¹
1170 491 1174 514 ·

5 572 188 667 ademque
208 563 335 652 caulla,
364 567 470 658 gradu
491 563 626 648 solum,¹
648 578 683 633 et
705 567 875 660 pronitate
898 547 1037 651 dii-iffi}
1063 533 1134 600 “ff‘'

5 697 123 744 erens.
175 669 226 740 cl.
250 671 314 740 Vir
338 667 456 765 paullo
481 681 563 737 ante
582 665 756 755 laudatus,
782 668 840 760 qui
860 691 962 763 pecu·

5 776 70 846 lari
94 772 211 869 capite
236 794 313 840 eom
340 781 593 840 commentatus
613 765 676 853 est,
710 791 751 838 eo
771 765 962 852 adducitur,
982 809 987 818 -
1026 823 1030 832 .
1063 811 1073 838 ·.
1095 797 1099 804 ’
1123 793 1135 817 ¹

5 891 27 946 t
42 887 168 970 putet,
198 895 306 943 vnum
326 869 474 965 aliquem
498 895 537 940 ex
550 865 753 940 humoribus
774 865 1141 964 putrefieriopnerf:

5 993 25 1046 t
42 969 200 1059 dillolui,
225 973 284 1068 qui
301 970 465 1042 fermenti
480 971 516 1040 in
530 970 673 1044 modum
687 969 719 1040 le
733 969 764 1040 se
781 967 1032 1062 paullatim-'²⁰⁶‘
1157 979 1168 1004 ‘

5 1074 181 1166 liffundit,
204 1087 240 1144 et
254 1069 431 1168 lueceffiue
447 1071 489 1142 de
506 1097 573 1144 vno
595 1073 631 1142 in
647 1071 729 1142 alios
751 1069 963 1168 proserpens,

5 1191 108 1248 »rout
135 1174 259 1259 eoead
282 1171 545 1271 putrescentium
572 1173 797 1270 procliuiores
822 1171 975 1268 reperit,¹

5 1278 230 1360 :ontaminat,
262 1276 472 1372 corrumpit,
492 1274 700 1372 -liquatque,
726 1271 835 1363 donec
857 1271 964 1366 finem

5 1378 253 1475 :olliquationis
271 1375 376 1448 faciat
398 1379 590 1448 recentium
613 1375 791 1451 succorum
814 1369 965 1458 accello,

5 1477 218 1574 rcescenlqne
238 1493 377 1550 natura:
402 1502 611 1575 quamquam
629 1503 701 1550 non
722 1476 967 1574 odeoplanum
1012 1515 1016 1528 ·

5 1580 43 1652 :st
63 1577 257 1676 intellctlu,
297 1605 365 1676 quo
395 1579 500 1651 modo
522 1580 649 1651 humor
673 1580 794 1676 aliquis
818 1578 969 1652 seorsum

5 1682 196 1778 :orrumpi,
231 1681 475 1778 colliquarique
501 1677 617 1780 poffit,
650 1680 787 1776 reliquis
812 1677 960 1752 intaElis.
1013 1725 1014 1734 κ
1205 1755 1210 1764 ,

5 1777 153 1854 vortalse
174 1805 254 1854 vero
281 1779 422 1856 fimilius
446 1779 510 1869 est,
544 1781 743 1873 sanguinem
763 1779 970 1880 ipsumlate·
986 1799 1133 1878 araturae

5 1889 151 1956 'umtum
178 1909 247 1954 non
272 1907 428 1970 onmem,
466 1909 577 1982 neque
601 1882 812 1966 uniuersum,
847 1882 904 1955 sed
922 1869 1116 1986 in⁶⁰”1‘5²⁸s‘·
1142 1900 1144 1906 '

5 1978 266 2082 liquaitantum
282 1985 353 2078 ejus
371 2000 469 2082 parte
487 1987 611 2070 vitiari,
639 1985 825 2084 corrumpi,
851 1980 969 2056 dillolv⁴

5 2089 120 2184 rique,
160 2087 263 2181 idque
293 2087 408 2172 lente,
446 2101 486 2158 et'
508 2085 684 2178 succelliue
712 2083 810 2172 fieri,
853 2085 963 2160 donec

5 2191 113 2259 »mnis
137 2187 265 2258 humor
288 2187 443 2258 eamdem
473 2185 584 2262 vicem
611 2189 770 2275 subierim
808 2201 962 2274 excretus

5 2289 197 2372 raullatim',
234 2301 269 2358 et
293 2289 470 2383 paullatim
494 2315 586 2362 nono
614 2289 728 2374 succo,
764 2286 833 2362 fiue
857 2290 961 2384 chylo

5 2387 145 2462 escilus
177 2385 228 2458 fit.
276 2389 396 2471 »Quod
421 2387 445 2460 fi
474 2392 654 2488 peculiaris
682 2393 803 2489 aliquis
835 2393 967 2464 humor'·
1009 2395 1117 2480 rortaffi

5 2489 205 2564 recusandus
228 2515 376 2588 unquam
397 2491 569 2580 videatur,
604 2521 674 2566 non
695 2496 780 2569 alius
802 2483 1116 2600 aequiorem&

5 2619 71 2664 ure
89 2590 238 2662 accusari
245 2588 344 2698 polle
362 2595 515 2680 videtur,
539 2621 644 2693 quam
660 2596 790 2668 oleolus
806 2596 893 2682 ille,
908 2611 958 2668 at·
968 2629 1023 2684 aar.

5 2719 65 2790 pue
83 2691 359 2780 inflammabilis,
388 2699 445 2768 cui
466 2696 583 2795 adeps,
614 2696 688 2770 siue.
700 2693 876 2796 pinguedo
896 2721 960 2772 no·
992 2741 995 2744 ·
1162 2743 1170 2760 ι

5 2819 78 2866 nen
111 2791 167 2864 cll.
240 2799 272 2866 Is
298 2797 391 2868 enim
419 2795 645 2890 stagnatione,
686 2815 861 2885 etmora,
900 2815 964 2872 aut
1100 2798 1103 2804 ’

5 2897 183 2992 'ponta'neo
197 2895 501 2998 degeneratione„
521 2916 581 2974 aut
608 2927 811 2999 quacunque
836 2903 901 2972 alia
922 2928 969 2976 ero

5 2993 107 3068 :aulla
122 2998 305 3068 accedente
319 2999 516 3096 deprauari,
543 3003 752 3098 rancescere,
781 3003 970 3100 paullatim*

5 3100 192 3195 eorrumpi,
220 3115 255 3172 et
275 3100 399 3196 liquari
420 3101 545 3198 potest,
578 3091 614 3182 et
630 3106 779 3200 reliquos
798 3091 971 3180 humoree:

5 3196 38 3269 ic
55 3215 273 3296 peruertere,
301 3215 339 3272 vt
355 3228 425 3272 non
443 3203 547 3276 modo
565 3199 689 3278 febrim
708 3209 813 3294 cieat,
838 3232 961 3280 verum

5 3303 238 3372 :uacuationes
256 3302 419 3399 quasque,
442 3320 481 3376 et
496 3333 579 3404 prae
594 3311 717 3379 ceteris
733 3307 869 3404 copiam
883 3308 961 3382 bilis

5 3403 191 3498 repaticae,
224 3417 260 3472 et
281 3399 426 3498 cyllicae
452 3407 635 3500 adaugeat,
668 3424 704 3480 et
732 3435 856 3507 eorpus
885 3411 959 3481 vni·

5 3496 127 3572 rerl‘um
142 3521 317 3596 emungat,
334 3530 397 3577 nec
413 3509 506 3605 prius
523 3513 760 3582 oeconomiam
775 3511 961 3584 animalem
980 3600 983 3606 Ι

5 3599 206 3674 ›ellumdare
226 3603 373 3692 defistat,
410 3623 512 3704 qua'm
535 3628 631 3684 totus
657 3627 810 3684 excretus
833 3611 961 3686 fuerit:
1009 3699 1012 3706 ι
1100 3607 1104 3616 “

5 3696 283 3800 puemadmodum
304 3711 429 3782 macies
449 3711 599 3808 summa,
622 3729 659 3784 et
680 3716 750 3786 cita
770 3713 959 3810 insequens,

5 3801 197 3899 lejeliionee
217 3805 383 3898 foetidae,
420 3829 455 3886 et
483 3816 663 3913 pingues,
679 3818 797 3888 vrinae
817 3816 956 3902 oleolae,

5 3907 193 4003 'odoresqpe
208 3907 300 3993 olidi,
325 3929 360 3982 et
373 3915 477 4004 crasli,
501 3919 623 4017 qulbus
638 3917 743 3994 febris
757 3920 955 4004 comitatur,

5 4005 70 4080 itis
86 4007 447 4118 ostendereridentur.

811 4121 955 4194 Curatio.
1056 4208 1058 4212 .
