2580 4904
340 331 416 414 496.
629 341 710 434 ‘toz
749 281 1013 392 acchaeus·
1102 421 1109 436 ἱ

336 503 580 603 judicationem
597 501 739 578 afferte:
766 505 846 578 alias
860 503 1058 598 diedecima
1071 499 1279 602 septimellne

279 667 286 688 ,
337 611 407 681 vllo
422 594 673 693 leuamine‚'aut
686 633 765 678 cum
780 608 1010 698 malignorum
1026 607 1275 707 symptomatum

337 707 530 781 accessione.
611 707 760 790 Quando
791 707 983 802 hujusmodi
1016 707 1272 802 complicationes

337 809 441 895 fiunt,
469 807 601 906 semper
615 809 740 906 aliquid
755 809 898 893 insoliti,
920 824 956 880 et
972 835 993 880 a
1012 809 1174 880 consueta
1192 811 1270 881 febri

338 911 452 984 indole
467 911 570 982 alieni·
584 912 621 982 in
635 925 766 984 earum*
770 907 923 1008 processu
942 910 1212 1010 deprehenditur.

555 1042 564 1082 ³
652 1039 684 1130 §-
737 1039 977 1108 ccccxxxii.

170 1184 270 1246 magns
281 1195 327 1234 ano
386 1171 565 1238 Autumno
579 1165 732 1263 proxime
746 1158 856 1258 elapso
871 1163 962 1251 (ann.
986 1166 1111 1254 1780.)
1127 1163 1165 1234 in
1180 1164 1263 1233 tertia·

168 1253 282 1320 ‘'ff'‘
336 1266 390 1340 nis
404 1265 596 1364 duplicibus
612 1265 802 1348 continuis,
828 1287 914 1360 quae
929 1279 1012 1333 tunc
1029 1263 1220 1359 frequentes
1231 1291 1270 1334 oc·

337 1368 520 1440 currebant
540 1393 580 1436 ex
602 1345 771 1464 pluuiosa,
792 1363 941 1454 srigida,
974 1380 1010 1434 et
1031 1365 1189 1439 variabili
1209 1367 1272 1437 attis

337 1467 596 1550 constitutione,
621 1467 747 1563 pluries
762 1489 920 1558 magnam
937 1465 1108 1560 sanguinis
1131 1469 1274 1560 nigriora·

336 1571 398 1656 tis,
422 1569 530 1642 'modo
551 1566 663 1652 fluidi,
688 1565 791 1638 modo
807 1567 959 1638 concreti
981 1569 1119 1664 copiam
1146 1571 1273 1642 circulo

336 1669 466 1752 eundae
486 1669 707 1744 hebdomadis
722 1667 840 1758 linem,
869 1685 928 1739 aut
944 1671 1066 1770 paullo
1086 1669 1207 1764 serius,
1230 1673 1272 1742 ite·

335 1789 412 1846 rato
422 1799 460 1844 ex
475 1797 539 1844 ano
556 1786 723 1842 excretam
738 1770 895 1854 vidimus,
907 1795 991 1868 quae
1001 1769 1043 1843 ab
1058 1771 1270 1844 haemorrhoi·

323 1873 433 1953 ¹dibus
449 1876 592 1946 internis
608 1888 744 1962 tantum
759 1864 917 1970 prodiisse
932 1871 1123 1946 videbatur.
1154 1875 1281 2000 Nemir‘p

336 1979 456 2048 critica
471 1975 549 2048 suit.
594 1979 633 2045 ln
649 1973 806 2046 omnibus
821 1974 887 2046 sola
902 1976 1025 2070 quiete,
1050 1990 1153 2069 potu,
1179 1977 1271 2074 spiritu

246 2153 253 2162 ,
334 2079 465 2150 vitrioli
480 2075 658 2161 acidulato,
673 2093 709 2148 et
721 2069 919 2168 poematum
936 2073 1114 2146 omiffione
1128 2077 1266 2150 refrenata

95 2211 99 2217 ·
188 2173 394 2264 jdaagasntsest.
447 2175 583 2262 Quibus
598 2193 702 2274 caput
719 2177 829 2248 doluit
849 2175 889 2248 ab
905 2179 1022 2262 initio,
1047 2178 1178 2250 deinde
1192 2171 1266 2252 slilln

161 2261 264 2328 Μ’*
284 2275 327 2314 ’Μ’
335 2279 505 2372 sanguinis
528 2305 565 2349 ex
585 2279 723 2350 naribus
742 2280 960 2377 prodierunt,
989 2276 1136 2351 sednon
1159 2283 1268 2374 largiter

333 2383 505 2464 manauit,
529 2381 713 2480 pituitaria*
729 2380 927 2452 membrana
947 2381 1172 2478 praetumida
1189 2400 1265 2454 rena

334 2500 455 2568 nante,
488 2481 681 2556 dolentibus
703 2484 828 2556 acriter
849 2480 1001 2554 saucibus
1023 2479 1094 2553 fine
1121 2481 1259 2578 insgniori

335 2608 451 2656 earum
470 2581 614 2668 rubore,
652 2599 712 2655 aut
731 2599 885 2670 tumore,
918 2585 1104 2680 phrenitici
1133 2587 1175 2660 ad
1185 2583 1255 2658 soen
1288 2641 1289 2705 ᾖ

228 2677 234 2686 ’
334 2687 473 2806 tertiae,
498 2701 560 2758 aut
578 2699 718 2784 quartat
736 2684 956 2786 hebdomadis
973 2684 1154 2760 obierunt.

639 2810 690 2908 §s
722 2814 980 2884 ccccxxxrn.

159 2973 165 2996 ·
198 2947 312 3012 Aelim·
381 2933 516 3030 aestate
531 2939 637 3032 magis
655 2937 697 3008 ad
711 2936 878 3022 ardentes,
902 2935 1044 3022 biliosus,
1069 2938 1261 3036 putridaset

330 3037 554 3136 colliquante's
569 3038 746 3111 accedunt.
760 3067 763 3071 ·
798 3037 863 3113 Sed
876 3053 952 3110 tum
966 3037 1041 3136 post
1064 3042 1196 3138 aliquot
1206 3037 1259 3116 dies,
1286 3089 1287 3128 i

270 3147 292 3162 '⁴
328 3163 455 3237 nempe
479 3141 584 3212 modo
604 3137 677 3238 post
693 3139 835 3238 septem,
862 3141 966 3214 modo
986 3138 1061 3239 post
1083 3139 1260 3238 quatuorde·
1286 3165 1287 3229 p

307 3245 416 3336 cim,
442 3257 501 3313 aut
515 3245 654 3336 viginti,
677 3241 773 3339 scope
785 3243 821 3313 in
833 3267 935 3314 veras
945 3245 1211 3318 intermittentes
1219 3239 1255 3308 dt·

328 3339 464 3429 linunt,
496 3345 557 3414 vel
571 3345 620 3416 ita
644 3345 681 3414 in
704 3341 953 3417 remilhonibus
976 3349 1208 3426 extenuantes,
1227 3347 1253 3406 tl
1285 3337 1286 3340 ¹

161 3530 165 3542 Ι
329 3445 639 3516 intermittentibus
652 3440 838 3544 perfimiles
854 3445 1016 3532 enudant,
1038 3442 1112 3516 hue
1129 3449 1256 3528 hoctun·

225 3615 227 3619 ,
329 3548 494 3637 tingater
515 3547 698 3618 imminuta
713 3545 964 3642 quodammodo
976 3550 1156 3622 materiali
1174 3535 1261 3622 mulla
1284 3587 1285 3592 1

327 3643 397 3718 siue
415 3643 606 3722 assistatur
626 3645 771 3720 diathefi
793 3647 1076 3749 inflammatoris,
1121 3673 1200 3742 cum
1218 3665 1262 3742 qut

327 3749 631 3846 complicabuntur.
657 3749 696 3822 Id
712 3765 828 3821 autem
843 3747 1052 3849 potissimum
1064 3756 1194 3836 euenit,
1207 3765 1261 3818 cunt

39 3893 43 3906 ι
150 3847 598 3993 fflaamueintermittentos
618 3849 729 3924 sebres
749 3850 982 3928 dominantur.
1037 3853 1191 3935 Quando
1208 3865 1262 3920 vett

157 3942 633 4054 mffjessf'*intermittendum
648 3969 807 4024 naturam
821 3953 979 4040 induunt,
1002 3948 1109 4028 saeile
1121 3953 1200 4026 dato
1210 3969 1262 4020 eor·

326 4053 396 4122 tice
412 4056 604 4153 peruuiano
621 4054 796 4145 sugantur.
854 4053 919 4128 Sed
939 4053 1065 4153 ptullo
1078 4053 1261 4158 implicatior

211 4173 214 4180 ¹
508 4207 510 4213 Α
1228 4167 1257 4220 rsl

166 2329 240 2384 ribus.
