2622 4914
52 331 56 339 ’
152 407 154 413 A
246 343 830 403 contimtaeratrrtnr„
916 337 987 418 569

10 503 188 600 tulimus,
215 517 458 590 animaduertit
473 519 682 604 warrens,
708 512 733 587 si
750 541 803 589 res
819 515 868 589 ita
884 515 989 590 habe
1024 517 1040 560 ”-

10 635 92 702 ret,
121 618 320 714 sequeretur
333 623 455 704 etiarn,
481 633 520 690 vt
539 621 650 690 multo
667 618 877 716 frequentius
899 619 987 693 tem&

11 747 109 822 pore
126 720 342 813 grauiditatis
358 735 554 806 omentum,
567 763 569 768 ,
582 735 685 816 atque
701 719 863 800 intestina
872 721 989 817 hujus}
1022 733 1027 744 ”

12 823 121 896 modi
134 821 400 896 inflammationi
415 824 559 895 obnoxia
573 819 687 907 essent,
703 838 738 894 et
748 822 905 915 grauidae
917 846 993 899 nru-

12 927 125 999 lieres
140 925 255 1021 potius
272 927 308 996 in
325 925 449 1010 febrim
468 925 559 1002 hano
571 925 780 1007 inciderent,
803 951 903 1022 quam
919 927 989 998 eni·

12 1053 100 1112 xae,
129 1042 165 1112 et
180 1024 255 1124 post
267 1029 400 1099 editum
417 1023 603 1112 infantem,
630 1052 709 1098 cum
728 1027 854 1122 scilicet
875 1042 990 1098 vterus

15 1145 172 1214 vacuus,
199 1141 234 1200 et
254 1126 489 1219 detumescens
509 1155 579 1226 non
595 1130 741 1226 amplius
762 1125 990 1201 memoratam
1013 1157 1034 1186 ι·
1070 1143 1073 1150 ’
1103 1159 1106 1167 ’

16 1229 228 1328 pressionem
248 1231 349 1316 facit,
377 1231 589 1329 liberamque
607 1221 776 1322 sanguinis
799 1255 858 1330 per
876 1227 990 1302 vicina
1074 1241 1093 1256 '⁴
1142 1225 1148 1234 ’

16 1334 152 1405 viscera
167 1329 606 1431 trajesiionem'permittit3
624 1331 678 1404 vel
687 1334 894 1432 primiparae
907 1333 990 1404 huic

15 1437 118 1508 malo
135 1433 287 1508 crebrius
301 1435 543 1532 objicerentur,
572 1459 672 1531 quarn
687 1459 773 1531 quae
787 1434 912 1532 pluries
931 1451 989 1524 pez

13 1550 210 1637 pererunt3
232 1537 314 1610 dum
326 1553 443 1610 tamen
454 1538 661 1636 experientia
675 1539 991 1608 contrariumcom·

13 1635 215 1712 monllrare
228 1637 350 1738 pollet.»
399 1646 478 1712 Nec
492 1665 613 1738 porro,
633 1635 785 1710 concessa
802 1639 991 1711 Hulmiant

13 1742 237 1842 pathologia,
258 1742 336 1814 satis
352 1737 568 1836 intelligitur,
590 1765 653 1814 cur
668 1737 756 1812 istud
769 1741 876 1814 sebris'
883 1761 990 1834 genus

14 1846 259 1942 frequentius,
272 1876 275 1884 ·
290 1841 517 1942 funestiusque
545 1845 581 1914 in
606 1843 808 1916 nosocomiis
835 1839 992 1914 o'bsteeris

15 1949 106 2030 ciis,
130 1944 332 2045 urbibusque
346 1943 617 2046 populofioribus
633 1959 808 2034 occurrat,
833 1967 936 2041 quam
951 1947 991 2016 in

15 2049 191 2150 priuatis,
222 2049 514 2148 peculiaribusque
536 2045 716 2132 domibus,
741 2061 802 2118 aut
824 2048 869 2117 ins
883 2047 991 2144 pagis3

17 2167 91 2223 aut
110 2152 200 2238 ruri;
226 2170 306 2222 cunr
329 2165 445 2222 tamen
469 2175 572 2221 nemo
596 2151 750 2242 ignoret,
778 2147 917 2220 morbos
938 2150 989 2218 in*

1 2254 278 2328 flammatorios
293 2253 432 2352 saepius,
442 2267 478 2324 et
491 2252 623 2330 facilius
633 2253 747 2342 vagari
763 2253 854 2322 inter
868 2250 990 2322 mulie·

1 2397 2 2400 ¹
18 2381 83 2428 res
101 2351 259 2446 agrestes,
283 2373 320 2426 et
335 2355 510 2440 ruricolas,
533 2379 619 2452 quae
634 2354 765 2426 duriori
782 2355 874 2426 vitae
890 2375 991 2446 gene*

19 2462 77 2542 ri,
107 2456 486 2554 vehementioribusque
509 2459 663 2556 corporis
693 2452 992 2528 exercitationibus
1060 2451 1065 2458 ’

19 2558 166 2646 deditae
180 2557 267 2641 sunt,
290 2577 392 2657 quam
408 2557 597 2642 interdius,
620 2560 753 2654 quaein
768 2552 906 2630 urbibus
921 2569 992 2626 ma»
1028 2621 1032 2634 ,

1 2706 2 2742 ;
20 2660 161 2760 joribus
176 2658 338 2753 degentes
353 2663 437 2745 otio,
462 2676 499 2731 et
514 2657 635 2731 defidit
651 2659 812 2754 languere
823 2663 855 2750 o)
871 2659 991 2730 solent

1 2809 3 2814 >
20 2759 183 2837 Demuni
196 2759 221 2831 s1
235 2761 280 2860 ab
294 2762 568 2850 inflammatione
581 2765 724 2846 omenti,
748 2757 994 2860 atqueintestb

23 2889 158 2938 norum
170 2861 274 2936 febris
287 2866 348 2936 isla
360 2891 441 2935 vere
455 2862 657 2950 nasceretur,
679 2888 750 2949 cur,
773 2861 903 2961 quaeso,
922 2861 993 2932 san·-

25 2967 145 3059 guinis
159 2963 278 3051 missso,
303 2991 389 3065 quae
405 2959 850 3064 alioquininslammationis
865 2964 994 3062 praeci*-

30 3092 161 3165 puum,
191 3071 227 3157 e't
249 3067 323 3141 fere
344 3073 484 3140 micum
507 3053 707 3162 remedium¹
722 3066 786 3154 est,
827 3069 863 3138 in
889 3085 929 3137 ea
953 3062 996 3136 ab
1108 3104 1117 3126 ι
1153 3132 1156 3140 ,
1201 3061 1206 3071 ’

35 3193 222 3256 arturo,
243 3166 351 3249 finon
366 3169 537 3267 rejicitur,
564 3190 665 3263 aegre
681 3159 926 3242 tantummodo
942 3159 997 3239 ad·

29 3270 214 3344 mittitur?
244 3297 308 3343 eur
328 3272 370 3343 ab
395 3273 469 3344 aliis
493 3297 564 3370 non
586 3267 766 3344 necessaria
787 3270 996 3368 reputatur?

1 3427 3 3465 r
24 3397 97 3445 cur
114 3375 217 3443 etiam
239 3397 259 3444 a
283 3373 503 3470 quibusdam,
536 3387 575 3444 vt
596 3377 695 3446 noxia
716 3375 829 3472 reapse
850 3383 996 3469 reperta,

1 3535 2 3538 ,
23 3475 242 3548 damnatur?
273 3479 343 3547 Cur
360 3497 566 3573 puerperae,
593 3473 713 3572 quibus
729 3479 766 3548 in
785 3473 997 3546 Nosocomio

21 3599 203 3649 mammae
214 3576 504 3663 exulcerabantur,
515 3573 717 3648 obseruante
731 3602 896 3660 Luscio,
912 3571 998 3645 mul·
1107 3577 1109 3588 '

22 3693 69 3749 to
90 3680 225 3754 mitiori
237 3678 332 3752 febre
345 3678 561 3764 laborarunt,
587 3679 763 3775 minusque
782 3677 999 3777 periclitatae

21 3779 194 3863 suerunt,
220 3781 271 3854 ita
286 3796 324 3852 vt
340 3783 433 3855 nulla
457 3804 576 3853 earum
595 3781 664 3852 alui
685 3779 899 3880 profluuium
921 3796 997 3878 per·

21 3877 121 3981 pessa
135 3877 192 3965 fit,
218 3897 278 3954 aut
293 3885 326 3952 vi
346 3884 458 3967 morbi
477 3877 630 3982 oppressa
647 3884 846 3954 interierit?
876 3886 946 3954 Cur
961 3879 999 3950 in

21 3981 254 4056 cadaueribus
273 4009 409 4072 earum,
437 4011 522 4084 quae
542 4011 580 4056 ex
601 3983 666 4056 hac
687 3985 880 4084 puerperali
901 3979 997 4054 febre

21 4101 193 4162 mortuae
213 4087 310 4178 sunt,
338 4104 519 4164 omentum
540 4087 732 4186 aliquando
745 4087 914 4170 illaesum,
942 4085 995 4153 in·
1035 4140 1047 4168 ,

163 4205 166 4218 '
484 4249 489 4257 .
524 4194 642 4280 Nn5
679 4263 683 4272 ,
898 4198 999 4258 tumr·
