2622 4914
259 397 461 446 costatus
484 367 835 450 strastburch*
903 351 1009 456 ¹⁴581

49 557 197 634 alian-,rur
207 556 322 620 ..radicis
342 553 533 622 scomonerae
553 555 662 639 syrupo
682 555 819 619 althaeae
833 554 1012 626 edulcatam
1033 563 1039 582 '
1192 633 1195 640 Ι

64 645 144 708 Circa
161 637 326 724 septimam,
355 643 404 704 vel
426 643 559 703 odauam
581 639 660 704 diem
680 640 855 724 propinabat
875 660 1015 721 eccopro·
1079 697 1083 704 ,

26 731 41 742 “
63 729 163 802 ticum,
192 725 282 806 idque
304 727 427 788 iterabat
448 725 609 806 deinceps,
637 743 724 806 prout
750 745 824 804 opus
851 740 929 798 erat,
958 741 1013 800 ter,

5 823 7 850 ³
62 811 112 873 vel
131 826 239 889 quater.
287 808 351 872 Via.
372 808 481 886 Journ.
502 807 535 869 oie
555 807 661 869 Medic.
685 807 717 868 sle
737 807 876 870 Parir‘T.
900 805 1016 868 LVlll.
1074 798 1172 898 '⁹3'

5 917 9 954 ι
53 915 91 977 p.
105 903 191 976 4481-
212 895 301 972 Quae
319 894 461 955 medendi
482 897 571 965 ratio,
592 894 611 954 fi
636 913 706 954 vere
724 893 800 954 adeo
815 891 941 954 feliciter
959 889 1018 956 ces·
1145 951 1152 970 ,

5 1020 10 1060 3
59 978 110 1055 fir,
136 996 164 1043 vt
186 977 346 1058 perhibent
369 979 460 1054 Galli,
490 977 594 1039 nullibi
615 979 707 1061 magis
730 977 956 1040 conuenientior
977 977 1018 1038 vi-

62 1064 158 1138 detur,
180 1083 267 1143 quant
283 1063 315 1140 in
331 1059 418 1127 sebre
434 1061 556 1145 galirica
571 1079 670 1138 acuta,
694 1061 753 1122 srue
763 1062 842 1122 'banc
855 1081 872 1120 a
886 1055 1017 1130 sordibus
1050 1101 1060 1106 -

62 1149 213 1228 primarum
234 1147 361 1216 viarum,
383 1143 442 1208 fiue
461 1147 497 1206 ab
512 1147 655 1228 receptis,
677 1163 707 1207 et
721 1145 873 1228 deglutitis
886 1140 1017 1204 miasma·

6 1259 7 1266 ¹
61 1231 136 1292 tibus
153 1233 306 1294 venenatis
332 1246 430 1292 natam
454 1231 592 1293 volueris.¹
641 1233 720 1291 Tota
740 1233 820 1294 euim
847 1229 955 1290 curatio
976 1247 1014 1288 eo

4 1331 7 1370 ῑ
60 1313 179 1396 speiitt,
206 1333 237 1376 vt
257 1312 397 1396 quidquid
418 1315 500 1376 noxii
517 1317 549 1376 in
569 1313 747 1390 ventriculo,
769 1331 856 1394 atque
868 1307 1016 1397 intestinis

4 1443 5 1472 2
59 1399 174 1474 insidet,
196 1403 271 1471 cito,
292 1415 323 1460 et
344 1399 441 1462 valide
457 1399 604 1476 ejiciatur,
625 1419 694 1460 acre
716 1419 806 1460 omne
828 1393 1016 1468 obuoluatur,
1061 1467 1064 1474 ι
1139 1443 1143 1452 ,

4 1539 5 1546 ,
60 1502 92 1545 et
106 1480 198 1564 spasmi
216 1483 364 1558 laxentur',
386 1485 465 1565 quod
485 1481 568 1545 facile
584 1485 719 1564 cuiquam
738 1498 820 1562 patet
840 1501 905 1544 eam
926 1478 1021 1542 const-2
1153 1475 1155 1483 ⁴

4 1571 5 1578 ’
62 1567 177 1631 deranti
205 1571 270 1630 Nec
281 1567 437 1649 quidquam
451 1567 564 1630 obstant
577 1587 620 1638 ea,
636 1587 711 1647 quae
723 1567 824 1628 ausior
836 1565 875 1628 de
887 1565 1015 1626 humore

58 1653 150 1714 lasleo
173 1669 306 1730 retentu,
328 1668 360 1712 et
381 1654 413 1732 in
435 1669 540 1721 cauum
562 1647 727 1712 abdominis
749 1647 841 1713 effuso
861 1647 912 1722 sub
931 1645 1016 1724 casei,

46 1756 91 1820 ,et
113 1733 162 1798 seri
176 1737 292 1808 intuta,
323 1753 355 1798 vt
373 1733 433 1816 ipse
454 1735 505 1798 fibi
526 1732 641 1812 suadet,
661 1753 706 1798 ‘et
729 1735 767 1796 de
789 1733 930 1816 peculiari
952 1737 1017 1813 lpe·
1044 1761 1046 1770 r
1125 1769 1128 1778 ·

4 1849 5 1856 ¹
60 1821 221 1884 cacuanbae
243 1817 306 1882 vasa
328 1819 503 1903 lymphatica
525 1817 682 1882 roborandi
704 1816 843 1882 facultate
865 1821 1017 1880 commen·
1054 1857 1058 1864 r

57 1919 150 1984 tatur,
171 1923 201 1966 vt
216 1904 372 1988 hypothesi
391 1921 625 1984 praeconceptae
645 1899 809 1970 subseruiat.
851 1900 1016 1963 Effusrones

57 1991 138 2050 enim
158 1987 236 2051 hisce
263 1987 423 2070 persimiles
445 1989 475 2048 in
501 1987 661 2050 abdomine
692 1988 780 2049 etiam
809 2003 930 2062 eorum,
965 1986 1016 2066 qui
1089 2010 1093 2017 ·
1141 1991 1173 2070 J,

56 2075 117 2134 alui
138 2075 233 2150 fluxu,
259 2093 308 2137 aut
327 2071 414 2136 sebre
432 2072 522 2150 flaua,
559 2088 611 2132 aut
635 2072 692 2132 alia
718 2072 862 2152 maligna,
892 2086 924 2132 et
947 2077 1017 2132 con·
1102 2065 1105 2074 ¹
1146 2100 1151 2104 ·

45 2155 166 2242 ¹tagiosa
179 2157 347 2238 perierunt,
375 2157 492 2218 inuenit
515 2157 562 2222 cl.
583 2173 739 2228 uuurvs3
768 2155 900 2216 Me‘mor'r.
913 2152 965 2236 sur
980 2152 1017 2214 irs

46 2241 133 2324 fievr.
148 2259 174 2302 et
181 2241 236 2325 sur
249 2241 274 2304 la
287 2244 431 2326 contagiosa
446 2261 474 2322 p.
488 2259 535 2324 44.
550 2258 577 2298 er
592 2259 619 2320 p.
630 2257 697 2321 157.
718 2248 784 2318 158.
806 2255 872 2322 159.
889 2242 956 2304 160.
966 2231 1019 2299 ets}

56 2323 286 2404 obseruationes
306 2325 487 2397 artemisiae
503 2346 563 2389 nou
583 2327 613 2386 in
633 2323 787 2406 foeminis,
809 2320 857 2384 sed
878 2323 909 2384 in
934 2321 1017 2388 mati·
1115 2364 1119 2378 .

52 2412 110 2472 bus
125 2411 242 2472 habitae
256 2411 385 2474 fuerunt.
398 2429 401 2434 ·
427 2409 570 2472 Videatur
584 2409 704 2489 epistola
717 2407 812 2470 nostra
827 2407 862 2468 ad
872 2409 917 2471 Cl.
931 2403 1015 2470 Med.

51 2510 214 2557 cvarrvrt
231 2499 261 2558 R.
282 2497 424 2558 Poloniae
449 2494 652 2570 Archiatrum,
681 2511 755 2573 quae
775 2491 867 2554 exstat
891 2492 923 2554 in
945 2489 1014 2555 Vol.
1068 2496 1072 2504 '
1151 2515 1156 2544 ι
1186 2519 1200 2544 s

43 2585 134 2647 ·V111.
155 2577 232 2663 degli.
241 2577 336 2654 Asadi
347 2579 435 2665 sopra
450 2575 577 2662 lasciuae
592 2596 693 2640 amana
706 2596 769 2664 pag.
783 2585 853 2659 488.

378 2769 411 2868 q.
465 2771 688 2841 ccccxcrx.

103 2907 236 2976 Verum
250 2926 320 2974 non
332 2904 398 2975 hac
410 2931 476 2977 vna
492 2927 679 3004 puerperae
691 2897 858 2972 laborant.
908 2898 1013 2994 Supra
1024 2885 1186 2978 Ferrsfpma

50 3009 97 3097 (s.
115 3009 346 3080 CCCCLXXII
360 3021 396 3076 et
416 3005 519 3104 seqq.)
543 3003 708 3077 ostensum
735 2999 797 3088 est,
831 3023 885 3081 eas
907 3002 943 3069 in
967 2995 1004 3106 fe
1020 2967 1108 3098 {³2:12³
1127 2966 1185 3016 ’Μ’
1237 3051 1240 3056 .

48 3108 151 3180 brem
165 3107 315 3179 incidere
328 3107 371 3182 >ab
386 3111 474 3179 vteri
491 3105 780 3188 inflammatione,
808 3099 912 3173 modo
933 3127 952 3170 a
967 3100 1014 3175 lo·
1226 3125 1230 3130 ’

50 3211 140 3301 chiis
157 3207 340 3308 suppressis,
368 3211 472 3282 modo
490 3237 508 3302 a
527 3207 620 3280 bilis
638 3208 862 3289 aberratione,
893 3216 928 3271 et
944 3225 1015 3271 me·

41 3309 179 3396 castali,
205 3310 306 3400 modo
322 3301 488 3397 abilioso,
514 3327 574 3382 aut
590 3329 696 3410 prauo
709 3309 893 3380 humorum
912 3327 1013 3402 appa·

42 3431 141 3500 ratu,
159 3413 263 3484 modo
279 3413 319 3484 ab
333 3407 410 3486 abre
427 3413 573 3512 putridis
583 3406 772 3483 ''minimatis
787 3403 922 3492 insesso,
942 3429 1015 3474 mo·
1123 3449 1125 3454 -

40 3517 93 3588 do
114 3543 134 3586 a
152 3515 396 3615 perspicatione
415 3515 577 3598 cohibita,
603 3514 706 3585 modo
726 3511 912 3592 arctantia,
940 3528 1015 3578 eor·

38 3619 231 3716 ruptisque
244 3621 283 3688 in
301 3634 398 3690 vtero
415 3615 622 3702 secundinis‚
650 3614 754 3702 modo
779 3640 798 3684 a
819 3609 1017 3704 cacocbylia

37 3719 213 3813 gastrica,
237 3719 342 3793 modo
362 3718 550 3818 apluribus
566 3715 758 3811 hujusmodi
781 3710 897 3784 caussrs
918 3708 1017 3782 fimul

37 3819 197 3919 junsiis3
226 3847 264 3891 ac
280 3822 423 3920 proinde
436 3822 546 3905 varia,
578 3818 851 3913 multipliciaque
868 3813 1017 3884 febrium
1071 3907 1078 3916 .
1144 3902 1146 3911 γ

38 3949 181 4016 genera
193 3919 257 3993 esse
274 3927 317 4010 (§.
328 3921 616 4009 CCCCLXXXI.),
635 3919 755 4014 quibus
770 3921 847 3988 illae
860 3915 1018 4012 persaepe

38 4027 303 4122 corripiuntur.
370 4027 442 4106 Qui
470 4045 551 4116 ergo
577 4023 710 4103 omnia,
751 4043 836 4115 quae
865 4023 902 4089 de
921 4017 1019 4114 febre

37 4125 156 4200 sabico
165 4149 399 4224 puerperarum
416 4127 459 4213 (s.
478 4127 678 4216 CCCLVll.)
694 4135 729 4192 et
745 4127 780 4191 dt
792 4119 893 4213 febre
905 4118 1020 4218 gastri-

72 4247 76 4258 ’
173 4239 190 4302 l
546 4231 655 4311 003
959 4243 1020 4296 ,ts
