2728 4918
944 295 1136 382 ·x'1

64 493 214 576 demum
237 483 307 586 fit,
358 487 454 572 hoc
477 487 678 578 volumine
700 489 1054 598 comprehenditur,
1086 495 1139 576 'in

69 613 279 706 Titanum,
349 596 561 706 dicerem,
618 607 895 709 commodum,
941 605 1009 690 nisr
1038 633 1138 688 arro⁶

82 724 210 833 gentius
226 717 268 797 id
286 713 463 800 dictum
490 719 754 800 existimarem.
812 726 947 830 Neque
958 719 1134 828 pluribus

78 832 186 916 verbis
204 852 307 932 mar,
339 850 402 931 vt,
435 832 532 941 quid
548 858 621 936 ego
638 837 680 914 in
692 859 742 914 eo
759 835 1013 936 praestiterim,
1029 831 1136 939 sagni-
1181 923 1184 934 ,

75 951 192 1030 ficem.
246 948 523 1055 Cuicumque
548 943 705 1058 liberum
727 946 806 1048 esto
831 945 1008 1046 judicare,
1034 948 1136 1056 post·

76 1089 189 1173 quam
210 1077 355 1140 totum
377 1055 526 1162 legerit.
585 1063 665 1144 Cur
686 1062 790 1140 enim
822 1056 902 1165 aliis
925 1060 964 1140 id
987 1087 1068 1142 non
1092 1059 1137 1142 li-

6 1247 7 1256 ,
82 1193 185 1276 ceat,
234 1170 479 1282 quodmihi
510 1171 786 1282 licerelvbique
809 1167 1003 1264 arbitratus
1030 1169 1135 1256 sum?

92 1293 174 1370 Non
191 1291 310 1394 patiar
338 1306 488 1388 tamen,
511 1311 628 1396 pauca
649 1284 845 1395 quaedam,
875 1283 1013 1398 quibus
1037 1285 1139 1394 apud

87 1399 237 1483 sessores
262 1399 317 1480 de
357 1425 445 1485 non
475 1397 588 1480 nullis
622 1425 685 1480 me
706 1408 886 1506 purgem,
931 1396 1139 1509 defiderari‚
1230 1409 1233 1419 “
1299 1348 1300 1356 Ν
1355 1375 1358 1388 ’

80 1543 129 1597 ne
155 1513 311 1621 prorsus
352 1516 433 1594 mei
463 1503 604 1594 oblitus
637 1511 793 1604 videar.s
856 1519 985 1622 ltaque
1015 1513 1138 1596 nolim

81 1629 175 1712 mihi
200 1631 305 1708 vitio
341 1643 527 1727 vertatur,
586 1621 692 1735 quod
723 1631 936 1732 praecipuas
969 1623 1137 1717 febrium

83 1738 312 1844 diuisioneS,
369 1757 411 1820 et
432 1737 655 1820 differentias
685 1765 706 1818 a
732 1739 920 1822 veteribus
941 1761 1140 1822 mutuatus

85 1853 162 1952 fian,
189 1851 256 1936 etfi
281 1879 373 1934 non
398 1850 443 1933 ab
458 1849 640 1934 omnibus
663 1848 780 1934 hodie
795 1853 1023 1960 probantum
1048 1878 1139 1938 natu

89 1966 178 2052 fiab
201 1968 277 2050 illis
310 1963 528 2048 medicinae
559 1964 778 2072 proceribus
803 1965 940 2076 procul
965 1967 1140 2048 disceffis·

98 2081 188 2185 sem,
227 2078 337 2164 mihi
360 2079 446 2161 sane
467 2105 487 2162 a
511 2099 639 2176 natura
662 2078 756 2185 ipsa,
797 2103 913 2190 quam
933 2079 1138 2186 illi-proxi·

96 2193 478 2306 mussemutinae,
506 2192 703 2276 desciscere
720 2192 819 2290 visua
834 2191 959 2274 essem.
1016 2191 1139 2299 Quod

94 2309 137 2391 ad
157 2315 324 2390 nomina
349 2313 500 2416 attinet,
539 2334 579 2388 ea
600 2305 824 2416 plerumque
848 2311 1006 2412 retinui,
1041 2334 1138 2418 quae

53 2483 58 2494 .
94 2423 231 2523 jamdiu
254 2419 329 2510 vsu
363 2438 516 2526 recepta·
544 2419 650 2515 sunt,
707 2441 820 2530 atque
851 2425 983 2503 inore
1013 2421 1139 2528 pleto-

95 2564 257 2646 rumque
277 2531 526 2616 medicorum
550 2559 570 2616 a
595 2532 724 2616 multis
748 2536 823 2634 jam
839 2531 973 2616 seculis
992 2511 1140 2618 versasr·
1201 2593 1203 2605 .

96 2669 171 2746 tur,
200 2673 277 2730 nec
298 2651 421 2730 nouis·
441 2645 574 2728 locum
599 2646 706 2749 dedi,
738 2645 804 2728 nisr
830 2651 886 2728 vti
905 2647 1138 2752 synonymis,
1253 2689 1257 2696 ·

99 2763 228 2844 autad
251 2787 377 2844 nouas
400 2784 478 2862 res,
522 2759 698 2842 nouosue
729 2758 889 2842 morbos
913 2761 1139 2842 indicandos

102 2876 330 2968 necessariis,
371 2873 588 2983 etquidem
611 2900 660 2957 eo
682 2869 860 2975 consilio,
899 2893 939 2954 vt
962 2901 1060 2983 quae
1082 2879 1157 2954 in·,

107 3007 157 3069 ter
179 3016 268 3092 nos,
309 3005 355 3086 et
376 2989 537 3088 majores
553 2985 642 3068 'illos
666 2984 912 3089 conjunttio,
932 3020 935 3029 ·
957 3007 995 3068 et
1018 2987 1143 3070 affini·

102 3121 154 3184 tas
170 3099 404 3186 intercedere
437 3097 568 3198 dehet,
610 3104 832 3212 nominum¹
848 3099 1060 3205 mutatione
1079 3127 1144 3182 nes

100 3241 291 3327 quaquam
321 3212 594 3298 dissolueretur.
663 3221 879 3318 Synonyma
908 3233 1051 3312 autem
1066 3211 1143 3294 vbi·
1236 3229 1241 3244 '

100 3357 183 3440 que,
213 3327 372 3442 quando
396 3325 519 3438 aliqua
540 3323 653 3426 febris
678 3325 901 3438 nominibua
916 3333 1025 3410 variis
1045 3353 1144 3407 nun·
1183 3369 1188 3377 »

102 3448 228 3554 cupari
253 3441 330 3523 visa
355 3441 425 3543 est,
464 3441 628 3522 adiicere
647 3447 841 3556 optimum
865 3441 977 3544 duxi,
1014 3465 1062 3545 ne
1085 3439 1145 3520 dia
1192 3488 1197 3498 -
1283 3503 1286 3518 .

102 3555 197 3640 versa
237 3555 500 3636 denominatio
546 3551 721 3636 audotes
755 3553 964 3659 legentibus
987 3551 1143 3636 xerrandi
1214 3561 1220 3570 “

100 3669 217 3753 caussa
242 3650 351 3752 esset:
389 3667 453 3753 sed
476 3673 518 3752 in
538 3693 677 3751 eorum
702 3665 871 3770 delectu,
902 3687 940 3751 et
959 3664 1148 3750 recensio·¹
1244 3669 1246 3674 “
1313 3683 1316 3694 ·

104 3813 147 3867 ne
170 3781 298 3868 malui
319 3807 431 3885 meo,
463 3802 581 3892 quam
599 3781 763 3864 aliorum
784 3781 928 3863 iudicio
947 3787 1020 3878 vti,
1053 3785 1145 3890 quia

108 3897 371 4006 saepenumero
390 3895 572 4003 perspexi,
598 3891 948 4003 autpersunsioric,
977 3913 1148 4000 autper-

108 4035 225 4120 pormr
249 4037 275 4096 a
286 4009 478 4124 plerisque
500 4005 670 4122 quaesta,
692 4027 730 4094 et
744 4004 873 4118 postte.
925 4005 1143 4201 Potufistsem,
1218 4043 1224 4059 ι

327 4200 330 4208 .
424 4205 427 4210 ,
923 4190 932 4204 ,
1028 4141 1145 4220 neor,
