2670 4896
204 367 209 380 ,
297 421 351 501 ῃ

202 587 205 606 ’
299 597 367 674 mis
394 589 572 668 co'nuisdus
600 583 893 691 obseruationibus
916 587 967 664 Cl.
995 611 1228 692 pvowrorvs
1250 587 1288 681 b)

230 770 235 786 ,
300 708 423 790 negat,
462 719 518 766 eas
546 719 642 766 veras
665 690 729 766 esse
758 693 1058 766 inflammationes.
1109 697 1290 786 Cognouit

301 801 395 872 enim
410 792 691 880 manifestislime,
713 820 778 894 pro
798 787 928 872 effestis
943 792 1114 866 habendas
1133 789 1201 866 esse
1220 795 1288 868 dis-

299 898 611 991 solutisanguinis,
642 913 677 968 et
701 898 828 984 virium
852 895 1008 968 vitalium
1029 892 1286 985 deficientium

324 1025 404 1074 uam
422 997 467 1074 ob
483 993 627 1077 caussam
646 998 779 1090 sanguis
797 1025 828 1070 a=
839 1013 939 1091 tergo
961 995 1120 1091 languide
1139 999 1285 1096 propul-

299 1027 365 1187 sus,
390 1091 535 1174 invenis
552 1124 660 1197 prope
676 1115 773 1172 totus
790 1101 1000 1192 congeritur,
1027 1097 1147 1196 easque
1160 1101 1282 1198 replet,
1296 1117 1301 1120 ·

300 1223 338 1276 et
362 1201 595 1301 praetumidus
619 1199 743 1272 reddit.
795 1202 957 1298 Huicque
985 1203 1165 1274 enimuero
1189 1203 1284 1292 cogi-

263 1310 268 1311 *
299 1307 426 1378 tationi
444 1305 589 1376 maxime
605 1300 724 1374 fauent
752 1325 783 1374 1.
799 1303 933 1388 laxitas,
959 1317 995 1386 et
1009 1301 1165 1374 dilatatio
1181 1327 1285 1374 vena·

164 1459 168 1472 .
224 1475 248 1494 .·
298 1429 379 1480 rum
401 1405 433 1478 se
457 1428 641 1478 &onerare
664 1403 931 1502 impotentium
967 1426 1001 1504 a.
1023 1403 1153 1496 sangaris
1174 1405 1213 1474 in
1237 1405 1287 1474 iis

209 1541 213 1548 ’
299 1505 443 1592 fluidus,
469 1503 652 1591 resolutus,
679 1507 774 1577 nullo
798 1505 918 1592 modo,
950 1519 1011 1578 aut
1032 1520 1124 1578 certe
1139 1498 1290 1578 tsrdiffi-

297 1635 356 1684 me
368 1608 611 1710 ,conoresoens3
646 1630 679 1694 3.
699 1621 853 1706 tempus,
883 1631 952 1704 quo
968 1606 1162 1702 hujusmodi
1178 1632 1288 1680 veno·

297 1713 351 1792 sae
380 1706 613 1802 congestiones
641 1696 865 1802 contingunt,
895 1709 1060 1783 nimirum
1088 1711 1124 1782 in
1149 1708 1287 1784 summo

296 1806 540 1904 malignitatis,
574 1824 610 1880 et
633 1810 824 1908 putredinis
847 1809 972 1902 gradu,
1004 1823 1041 1880 et
1062 1811 1177 1908 paullo
1200 1827 1286 1891 ante

297 1928 467 1999 mortem3
490 1936 525 1999 4.
543 1910 656 2008 pulsus
671 1937 798 2010 panius
822 1926 858 1982 et
872 1910 991 1984 debilis
1015 1913 1052 1982 in
1075 1912 1165 1984 hisce
1187 1939 1290 1987 mora
1322 1973 1333 1984 .

234 2009 242 2022 ”
296 2015 350 2088 bis
367 2012 614 2112 deprehensus3
642 2034 675 2096 5.
690 2015 804 2086 nullus
820 2013 936 2100 dolor,
961 2012 1123 2110 nullaque
1144 2015 1209 2088 alia
1229 2017 1286 2088 in·

296 2111 543 2212 dammationis
563 2116 820 2214 phaenomena
849 2124 882 2188 6.
903 2113 1045 2190 demum
1064 2139 1151 2188 noxa
1170 2142 1190 2189 a
1211 2117 1287 2192 sau·

292 2221 410 2315 ‘guinis
431 2215 595 2292 miffione.

317 2389 335 2410 .
348 2325 403 2392 LI.
438 2319 491 2392 Ad
514 2320 575 2389 has
604 2312 741 2388 fortasse
767 2316 905 2390 venosas
932 2331 1069 2392 tantum
1093 2317 1287 2414 congestio·

296 2447 359 2496 nes
384 2421 506 2494 referri
531 2418 657 2492 debent
680 2419 859 2518 pleraeque
880 2419 1018 2494 illarum
1038 2417 1287 2498 inflammatio·

297 2538 400 2609 num,
427 2547 513 2619 quae
524 2517 584 2594 sub
600 2518 867 2594 finemsebrium
883 2536 1062 2595 acutarum
1075 2523 1158 2596 mali
1172 2529 1287 2597 moris

214 2709 217 2714 ¹
296 2625 516 2722 superuenire
541 2623 720 2708 dicuntur,
756 2643 910 2722 quaeque
932 2624 969 2696 in
993 2623 1198 2701 cadauerum
1224 2653 1286 2700 ex·

93 2728 101 2744 ²
187 2766 192 2777 -
297 2725 438 2823 tispiciis
455 2727 546 2798 circa
562 2725 688 2796 viscera
708 2727 875 2811 inueniri,
904 2740 944 2797 vt
963 2725 1125 2815 diximus,
1156 2727 1284 2803 solent.

239 2864 245 2884 r
296 2833 393 2901 Nam
408 2853 478 2898 non
493 2829 651 2920 ignotum
668 2823 731 2912 est,
758 2842 925 2925 quantum
939 2851 1121 2920 aegrorum
1135 2832 1288 2908 exitium

298 2930 522 3002 acceleratim
535 2929 601 3013 illi,
626 2929 685 3025 qui
701 2928 743 3002 ab
756 2925 910 3028 inspeslis
924 2929 961 3000 in
978 2921 1198 3004 cadaueribus
1215 2931 1286 3007 sal-

125 3092 128 3116 ,
238 3037 246 3046 ''
296 3025 339 3102 sis
354 3031 547 3126 hujusmodi
561 3027 890 3106 inflammationibus
905 3035 1065 3128 permoti,
1084 3047 1120 3106 et
1131 3032 1286 3132 decepti,
1333 3041 1334 3048 ’

295 3145 335 3202 vt
352 3156 405 3202 eas
426 3147 486 3203 aut
498 3149 760 3229 praecauerent,
786 3149 846 3206 aut
858 3133 1038 3220 tollerent,
1059 3135 1216 3227 largiter,
1243 3154 1294 3216 et,

296 3234 423 3304 iterato
439 3233 475 3304 in
493 3231 621 3304 morbis
641 3235 807 3327 malignis,
835 3250 894 3307 aut
909 3235 1057 3333 putridis
1069 3237 1160 3308 illius
1174 3260 1286 3329 gene-

295 3335 343 3408 ris
361 3335 556 3432 sanguinem
573 3335 713 3405 niittere
730 3361 801 3408 non
818 3335 1030 3410 dubitarunt.
1082 3343 1228 3411 Norunt
1244 3341 1288 3416 id

213 3441 217 3490 ’-
296 3435 420 3507 Clinici
434 3437 695 3524 exercitatiores,
720 3453 756 3509 et
773 3463 948 3534 nunquam
963 3440 1104 3510 monitis
1119 3436 1298 3515 definunt'

295 3535 447 3632 juniores
474 3539 627 3633 medicos
660 3564 679 3608 a
707 3537 988 3640 perniciosissima
1012 3543 1077 3612 hac
1105 3540 1287 3634 sanguinis

178 3648 202 3696 ι’
294 3633 492 3736 profusione
519 3631 712 3716 absterrere.
776 3667 1023 3724 ‘Qvnsnnnvs
1051 3645 1175 3728 etiam,
1217 3650 1288 3742 qui

291 3739 452 3811 nasorum
470 3741 567 3812 hasce
588 3743 795 3842 repletiones
818 3747 855 3815 in
876 3744 1035 3836 malignis
1057 3744 1185 3818 morbis
1206 3744 1287 3819 sae-

294 3837 426 3948 piffime
445 3842 632 3943 conspexit,
667 3869 882 3948 nequaquam
908 3869 972 3944 pro
994 3841 1287 3922 inflammationi:

1210 3947 1286 4024 bus
1332 3979 1333 3986 ¹

97 4060 107 4105 ⁴
193 4157 200 4165 ι
331 4067 364 4150 l)
385 4069 502 4240 Aprem
520 4072 613 4158 narde.
635 4071 755 4137 erant.
777 4070 874 4138 Vols
899 4073 931 4138 P.
946 4071 972 4139 s.
995 4055 1106 4146 anau.
1121 4078 1189 4144 Vll.
1209 4100 1286 4169 pag,

293 4163 361 4238 178.
375 4173 401 4217 aa
432 4176 471 4239 sq.
626 4176 643 4224 a
887 4229 888 4232 Ἴ
