2670 4896
1022 319 1066 384 71

77 479 240 567 latialis,
301 479 428 552 critici
448 481 481 572 o)
512 479 658 556 fundunt
689 483 791 582 petit.
860 487 954 556 Dutn
984 482 1073 556 haec
1094 490 1124 520 '¹

84 601 220 677 aguntur,
267 582 487 680 imperanda
515 587 619 656 etiarn
645 582 691 655 est
720 609 800 657 cunt
822 579 964 673 animi,
989 602 1071 662 tum

89 687 209 783 corporis
249 687 383 780 quies,
433 681 542 758 vitius
580 688 669 758 ratio
705 683 913 775 tenuiffima,
963 701 1067 782 atque

25 835 26 866 f
85 791 148 858 airis
169 787 358 883 purioris,
402 801 439 856 et
461 779 649 886 temperati·
674 787 794 860 crebra
821 779 1001 860 renouatio
1016 791 1063 882 Ἰ*).

80 893 115 960 Et
147 885 171 958 li
208 887 362 985 quando
405 897 494 958 vires
532 889 814 980 euacuationibus
858 880 1064 980 immodicis,

80 1007 131 1062 aut
151 989 295 1086 putrida
318 988 504 1061 accedente
525 993 715 1088 liquatione
736 990 956 1084 dejiciantur,
990 1019 1063 1066 car·

21 1167 22 1170 ,
82 1093 281 1177 ltacatunc,
312 1107 421 1186 atque
436 1092 651 1190 antiseptica,
675 1107 711 1162 ct
726 1091 925 1189 praesertim
941 1096 1062 1168 vinum

20 1179 23 1248 l
92 1191 219 1264 mirifice
235 1187 408 1289 profuisse
433 1194 501 1264 visa
528 1191 616 1266 sunt.
677 1195 903 1292 Saepe'enim
926 1197 1061 1284 accidit,

96 1311 129 1366 ut
142 1295 254 1366 diutim
280 1289 462 1392 protral'io
484 1295 753 1368 vehementioris
782 1294 885 1368 febris
914 1297 1059 1394 impetu,
1166 1337 1171 1348 =

89 1414 119 1466 et
134 1397 236 1468 nimio
267 1395 353 1467 inde
382 1413 462 1468 orto
486 1397 618 1486 calore,
645 1397 802 1494 „sanguin
834 1398 1063 1496 humoresque,

78 1499 189 1596 reliqui
205 1496 476 1570 alkalescentetn
491 1514 650 1574 naturam
667 1504 861 1597 acquirant,
885 1516 922 1572 ct
936 1501 979 1573 acl
994 1526 1058 1598 pu·

74 1599 192 1672 trident
210 1597 472 1672 dillolutionem
493 1601 697 1700 quandoque
717 1601 900 1674 transeant.
951 1601 1059 1686 Quod

72 1701 125 1775 vbi
145 1704 285 1788 euenit,
313 1727 518 1800 quamquam
540 1704 652 1774 multo
672 1705 798 1789 rarius,
826 1729 929 1800 quam
949 1703 1057 1776 eristi·
1108 1732 1114 1744 ·

70 1821 198 1892 matur,
225 1805 394 1900 eueniat,
410 1819 543 1878 mutata
560 1806 642 1876 mali
658 1804 762 1877 facies
779 1806 978 1905 antilcptica
992 1831 1055 1906 po·

71 1909 235 1996 tertiora,
263 1905 466 2006 pracsertim
483 1907 580 1981 acida
596 1905 716 2003 follilia
729 1909 886 2006 requirit.

121 2114 270 2183 LXXIV.
300 2109 657 2182 Animaduertendum
679 2107 797 2184 temeti
813 2108 877 2198 est,
911 2135 982 2182 non
999 2137 1053 2182 ra·

74 2237 126 2300 ro,
152 2210 317 2286 coitione
341 2209 493 2311 perella,
519 2213 693 2284 ‘retardari
712 2216 878 2286 materiae
900 2209 1054 2284 morbifi-

72 2341 127 2386 cac
146 2313 416 2412 separationem,
449 2319 766 2413 excretionemque;
805 2314 897 2412 quod
920 2311 979 2386 vbi
999 2315 1052 2385 in·
1105 2319 1108 2328 '

71 2417 172 2505 cidit,
225 2441 307 2490 eam
335 2441 541 2514 promouere
569 2412 704 2490 student
734 2417 891 2518 plerique
918 2413 1051 2488 lenibus

70 2521 316 2618 cccoproticis3
350 2520 422 2589 imo
449 2519 584 2616 quando
612 2519 839 2617 suspicantur,
877 2519 1051 2592 nonsatis

71 2621 216 2694 solutum
251 2621 384 2692 malurn
413 2617 495 2710 elie,
532 2620 574 2692 ad
601 2621 720 2692 eadem
748 2621 972 2714 confugiunt,
1012 2633 1075 2690 vt*

74 2725 211 2820 relapsus
230 2739 489 2822 praecaueatur.
541 2729 657 2820 Atque
674 2723 759 2793 haec
782 2723 868 2820 ipsa,
896 2737 1050 2792 autnon

74 2821 231 2898 *animilia
251 2827 466 2904 conueniunt
488 2825 594 2896 etiarn
616 2821 828 2923 eryfipelati,
850 2821 1052 2922 praesertim

556 2930 588 2998 E
611 2950 635 3016 4
834 2984 837 2993 .
870 2922 1053 3033 pltlegtnoe

113 3164 144 3246 a)
163 3179 301 3228 coram
313 3117 434 3246 bilior.
452 3159 586 3244 defiriq
602 3178 652 3246 32.

110 3303 140 3379 ¹)
161 3301 219 3366 Nisa
235 3309 286 3365 atr
303 3301 447 3374 cubiculi,
468 3318 501 3364 vt
514 3322 567 3382 par
584 3301 643 3377 cll,
668 3313 845 3374 renouetur,
865 3295 905 3360 ita
921 3291 1048 3357 effluuiia

75 3403 109 3445 cx
120 3389 317 3471 aegrotantia,
337 3385 581 3468 affidentiumque
595 3383 766 3465 corporibus
784 3379 889 3444 emillia
909 3375 1048 3451 inficitur,

77 3485 104 3529 rt
120 3471 238 3552 ineptus
257 3487 318 3534 tam
338 3468 539 3550 respirationi,
564 3489 652 3550 quern
671 3465 873 3548 perspicationi
893 3459 1049 3546 perficien-

76 3550 126 3614 dae
142 3556 257 3618 euadat.
300 3554 465 3638 Phlogiilo,
492 3545 614 3633 aliisque
632 3549 880 3626 exhalationibus,
909 3566 940 3611 et
959 3567 1056 3626 rapo..

74 3635 147 3702 ribus
171 3631 294 3703 onustae
317 3643 394 3700 calet
417 3654 504 3714 tunc,
532 3636 658 3712 aestuat,
687 3634 800 3712 foetet,
829 3629 1049 3714 perspirabitem

74 3718 226 3787 honorem
240 3743 303 3784 non
320 3725 422 3800 allicit,
446 3719 495 3784 led
509 3722 657 3802 reprimit,
678 3721 767 3782 noxia
786 3717 908 3784 effluuia
929 3715 1047 3796 corpori

80 3803 173 3868 iterum
197 3805 343 3883 htfundit,
377 3807 497 3882 anitium
523 3825 665 3887 aegrum,
698 3821 729 3866 et
749 3797 920 3864 anhelolum
940 3797 1048 3876 redalit,

81 3907 214 3970 nemeae,
234 3907 268 3952 ct
283 3887 437 3952 masculari
450 3889 580 3954 facultati
597 3909 637 3950 no
657 3905 702 3961 er,
724 3887 876 3968 putredini
889 3883 972 3948 lauet
991 3899 1047 3944 etc.

78 3973 239 4054 Huiusmoffi
253 3981 354 4038 aerem
364 3971 586 4060 phlogisticatum
598 3908 689 4034 helie
702 3988 816 4034 vocant.
855 3975 893 4035 ln
905 3967 964 4032 hoc
978 3983 1052 4030 con·

76 4055 143 4123 clula
161 4061 297 4134 muralia
318 4061 445 4142 propriis
458 4059 596 4164 halitibua
611 4073 783 4122 enecuttur.
