2728 4918
1324 196 1327 238 ι

240 334 318 405 xit
426 387 429 396 ,
504 275 510 293 ’
757 325 765 334 “
972 281 980 296 '
1213 351 1218 358 .
1318 282 1329 412 q

160 530 165 542 ’
238 463 413 606 fateor,
435 500 620 613 quaedam
652 439 819 602 febrium
845 507 982 608 genera
987 481 1116 584 missa
1147 499 1299 588 facere
1327 451 1330 510 i

109 616 125 675 '-
239 639 435 727 tamquam
458 616 505 698 ad
530 615 697 727 aliquod
710 617 812 698 aliud
839 631 967 720 genus
990 617 1241 716 specierum
1229 649 1289 700 ιιι
1310 623 1326 643 “’

197 781 200 804 1
241 733 310 834 slat
334 727 447 840 sacile
468 731 705 834 reuocanda,
740 729 803 812 sed
825 729 937 810 satius
961 729 1057 810 mihi
1081 731 1204 812 visum
1233 761 1258 813 e

239 826 383 954 aliquid
411 843 678 924 consuetudini
704 843 809 938 dare,
860 869 983 952 quam
999 849 1122 926 nimio
1145 864 1323 950 genera

196 971 199 974 ’
239 954 473 1039 reformandi
487 954 613 1040 studio
631 957 840 1038 molestiam
864 954 1063 1058 tironibus,
1094 979 1158 1038 aut
1181 957 1324 1066 diffid

146 1083 155 1117 ⁸
239 1070 418 1154 cultatem
430 1095 576 1174 augere.
634 1076 800 1173 Quoties
815 1090 941 1164 tamen
957 1065 1041 1150 srne
1048 1069 1126 1152 vllo
1145 1097 1301 1151 eorum

184 1193 188 1196 ’
240 1185 389 1287 taedio,
425 1195 503 1264 aut
527 1181 599 1274 vlla
625 1211 749 1266 rerum
781 1181 1062 1290 perturbatione
1084 1183 1190 1265 licuit
1213 1181 1292 1262 sub
1335 1181 1336 1185 '

163 1363 174 1372 .
239 1307 358 1394 vnum
381 1295 499 1380 veluti
524 1316 637 1404 caput
661 1295 782 1379 febres
807 1297 962 1406 aliquas,
981 1293 1092 1406 quasi
1111 1298 1336 1379 eiusdem

79 1455 101 1472 1·
175 1425 203 1478 ·'
238 1413 371 1519 stipitis
393 1435 540 1512 ramos,
576 1413 761 1515 redigere,
796 1407 1034 1492 libentiffime
1066 1411 1105 1490 id
1124 1411 1294 1520 quidem

238 1521 339 1626 feci,
376 1542 462 1608 aut
467 1521 614 1616 saltem,
655 1551 736 1634 quo
768 1523 914 1627 modo,
963 1541 1000 1603 et
1025 1525 1176 1634 quando
1196 1525 1297 1609 fieri

177 1693 186 1730 ,ι
239 1636 378 1747 posset,
425 1635 670 1718 subindicaui.
748 1637 900 1718 Nullius
929 1663 1046 1744 porro
1069 1666 1140 1720 me
1160 1635 1290 1718 seclae
1342 1653 1344 1718 l

128 1821 131 1828 ,
238 1749 408 1833 tradidi
397 1779 437 1833 ιιι
463 1751 703 1857 potestatem,
741 1779 812 1832 nec
836 1770 1002 1862 vnquam
1021 1751 1133 1837 balde
1155 1748 1345 1834 solici
1343 1829 1346 1872 q

38 1895 42 1909 ·
139 1954 142 1962 ,
234 1884 300 1947 tus
324 1861 394 1969 sui,
424 1862 629 1962 dodlrinae,
655 1882 719 1956 aut
742 1865 917 1978 dogmata
944 1863 1044 1946 vnde
1064 1863 1192 1967 essent,
1215 1863 1286 1946 sed
1345 1885 1347 1944 ς

238 2005 449 2089 quaenam
446 1979 592 2080 essent,
648 1999 687 2060 et
713 2004 786 2096 qua
818 1977 1102 2086 probabilitate
1097 1928 1285 2060 fulciren

183 2175 187 2200 ,
238 2095 556 2212 mactantque
588 2083 856 2198 discipulorum
892 2093 1103 2199 praesertim
1134 2091 1284 2174 institu-

156 2228 191 2300 ‘3
237 2211 315 2301 ti0,
359 2225 474 2316 atque
496 2211 713 2289 exercitatio
738 2205 897 2286 curanda
920 2201 1016 2286 mihi
1038 2207 1173 2302 suerit,
1213 2232 1282 2285 ue-

239 2341 335 2424 ιιιο,
350 2337 392 2398 vt
420 2317 542 2426 spem,
574 2314 778 2419 mirabitur,
808 2345 872 2399 me
896 2319 1132 2430 quandoque
1150 2317 1281 2426 paullo
1351 2363 1352 2368 ι

105 2528 110 2538 ,
236 2437 425 2516 minutius
447 2431 631 2542 quaedam
659 2431 895 2564 persecutum
917 2430 1008 2527 elle,
1046 2457 1143 2543 quae
1164 2431 1281 2542 theo·

236 2549 362 2628 reticis
379 2545 510 2626 studiis
527 2539 749 2654 perfuustos
771 2571 851 2628 non
871 2550 1043 2648 ignorare
1061 2529 1278 2652 oportereta

203 2667 215 2683 ⁸
237 2685 327 2742 nam
349 2655 413 2740 etsi
434 2685 514 2760 eos,
537 2677 740 2788 antequam
763 2659 822 2738 ad
834 2658 1061 2752 medicinam
1078 2657 1279 2767 practicam

236 2772 515 2906 aggrediantur,
570 2778 718 2878 egregie
742 2770 817 2856 illis
843 2771 1053 2873 institutos,
1110 2795 1148 2855 et
1174 2799 1278 2879 prae-
1352 2839 1353 2842 ι

235 2887 410 2972 munitos
448 2884 584 2997 (quod
618 2884 763 2992 legibus
802 2886 1086 3014 prudentissime
1122 2909 1276 2966 caurum

235 2999 307 3102 est)
330 3019 371 3082 et
396 2993 523 3094 velim,
550 3017 589 3081 et
610 3019 802 3108 reputem3
829 3021 956 3082 tamen
980 3026 1061 3082 non
1085 2999 1185 3082 nulla
1202 2995 1276 3080 else

144 3105 1319 3238 ἰιειιι,ιιάοόδιίιιιιιι]ιιιΓιΜιιιΐιιιιιιιιιιιι,ι]υιοΧ

234 3229 369 3308 iterato
397 3230 629 3307 inurentem
652 3231 843 3328 reuocari,
848 3237 982 3338 atque
1007 3226 1115 3308 altius
1143 3231 1273 3308 animo
1339 3321 1346 3326 ⁵

160 3349 167 3368 ⁴
236 3331 353 3444 defigi
378 3365 574 3449 nunquam
601 3339 736 3422 inutile
757 3339 968 3423 videatur
1004 3339 1165 3422 Fortasse
1190 3343 1273 3449 qui

233 3449 391 3536 busdam
415 3453 492 3560 ipse
512 3449 672 3536 videbor
692 3452 778 3561 plus
801 3451 1007 3560 temporis,
1051 3451 1273 3536 verborum·

233 3591 330 3676 que,
364 3593 479 3676 quam
501 3593 564 3673 par
589 3585 685 3670 erat,
722 3572 762 3648 in
789 3569 1000 3673 aetiologiis
1026 3565 1273 3676 exponendis,

232 3699 299 3760 aut
328 3679 577 3779 dijudicandis
602 3679 885 3791 quaestionibus
914 3679 1152 3788 impendisse,
1208 3699 1273 3762 aut
1334 3711 1338 3720 ·

63 3782 82 3840 '·
121 3859 124 3864 .
166 3799 171 3810 '
232 3790 362 3900 paullo
385 3791 548 3888 liberius,
576 3820 693 3904 quam
714 3797 891 3892 deceat,
880 3821 918 3878 ιιι
940 3794 1142 3880 sententiis
1150 3789 1271 3876 seren
1308 3841 1312 3846 -

225 3905 291 3992 ‚dis
318 3930 378 3987 me
399 3905 559 4011 geffiffe,
594 3907 657 3990 sed
679 3908 822 4044 aliquid
846 3907 1036 4009 dandum,
1063 3897 1270 3992 conceden-
1290 3941 1300 3984 ·.

233 4017 407 4140 dumque
426 4020 478 4103 est
502 4017 629 4190 luco,
643 4027 830 4132 tempori,
857 4042 897 4106 et
921 4019 1206 4122 consuetudini,
1235 4041 1283 4151 et

34 4190 37 4199 ·
235 4207 239 4217 .
499 4213 502 4222 ,
967 4190 976 4205 x
1168 4161 1270 4246 prae·
