2670 4896
998 390 1058 482 ⁶9.

3 551 5 644 i
106 568 182 637 Lxx.
215 565 333 638 Hinc
361 563 524 638 laudatur
551 589 639 664 aqua
667 557 765 640 succo
797 567 879 640 mali
906 566 1045 660 medici,

72 669 154 752 citrei,
182 669 373 754 aurantii,
417 683 454 740 et
479 667 645 755 sacchari,
683 685 743 740 aut
770 673 880 742 mellis
904 673 1045 745 tantillo

71 771 99 840 ad
111 785 239 862 gratum
277 771 445 866 saporem
465 771 623 859 condita3
652 787 714 842 aut
737 787 854 858 aceto,
891 789 951 845 aut
978 775 1044 872 spi·

63 874 160 943 ritibus
186 871 305 942 acidis
335 873 479 969 leuiter,
513 873 770 970 prudenterque
793 874 946 958 imbuta3
981 891 1044 948 aut

58 999 91 1042 ex
105 999 184 1071 pane
209 975 368 1048 triticeo
397 975 493 1058 albo,
525 974 675 1058 hordeo,
713 999 837 1062 auena,
874 973 1041 1050 trudibus

60 1075 224 1160 subacidis,
244 1076 308 1146 vel
327 1073 445 1147 herbis
462 1073 762 1170 refrigerantibus,
791 1081 965 1170 grannne,
992 1082 1041 1150 ci·
1135 1110 1139 1126 ·

63 1177 196 1260 choreo,
215 1175 372 1263 sancho,
405 1177 604 1269 borragine‚
637 1194 891 1275 tragopogone,
918 1181 1041 1280 intubo

69 1275 199 1366 decoda,
227 1281 397 1376 itemque
418 1277 545 1352 emulsa
565 1305 605 1354 ex
626 1278 809 1352 seminibus
835 1279 971 1373 frigidis
991 1285 1041 1354 ita

67 1377 156 1451 dic‘b'a.
213 1382 363 1464 Quibus
388 1381 539 1470 nitrum,
580 1385 733 1480 myraei,
775 1383 930 1469 defruta,
969 1379 1040 1455 siue

61 1487 108 1552 rob
136 1481 324 1555 baccarum
357 1482 530 1571 sambuci,
575 1483 794 1570 ribesiorum,
843 1485 1038 1574 berberum,

51 1585 124 1656 rubi
144 1585 254 1673 idaei,
290 1599 329 1656 et
350 1581 526 1658 fraenum
552 1583 730 1674 similium,
761 1586 902 1660 subinde
924 1611 1038 1686 parca,

50 1703 84 1756 et
107 1688 278 1784 prudenti
306 1709 415 1760 manu
434 1713 500 1786 pro
526 1713 642 1761 rerum
663 1687 959 1762 circumstantium
984 1715 1039 1762 ra·
1162 1703 1173 1794 Ἰ

52 1792 142 1860 tione
156 1789 406 1862 admiscentur.
457 1791 492 1862 Si
511 1789 596 1862 haec
609 1816 681 1862 non
701 1789 916 1880 suffecerint,
948 1787 1040 1888 quod

50 1892 175 1979 lentus,¹
215 1909 393 1988 tenaxque
423 1891 552 1966 humor
583 1891 763 1977 exuberet,
803 1893 1037 1965 coaceruatus·

52 2017 109 2088 que
139 1994 273 2066 alicubi
308 1995 466 2080 haereat,
513 1994 665 2090 viresque
698 1993 813 2066 cordis
840 1994 1038 2066 excitandae

58 2098 152 2166 etiam
172 2093 246 2168 sint
273 2096 319 2168 ad
343 2095 503 2168 morbum
529 2099 669 2196 penitus
695 2092 945 2194 exstirpandum
973 2095 1038 2167 sol·

59 2197 286 2298 rendumqne,
318 2213 396 2270 tum
420 2199 606 2298 camphora
628 2223 780 2296 quoque,
811 2197 948 2270 kermes
970 2199 1035 2268 mi·

48 2302 172 2390 nense,
209 2300 312 2374 radix
335 2301 515 2398 polygalae
541 2302 769 2393 virginianae,
803 2296 934 2398 stipites
960 2299 1058 2371 dul-⁸

50 2426 217 2490 camarae,
269 2400 376 2474 herba
403 2403 552 2502 Genipi,
595 2400 664 2474 fiue
695 2401 916 2500 absynthium
951 2401 1035 2500 alpi·

51 2529 126 2578 nuru
157 2508 332 2578 incanum
364 2499 450 2575 flore
479 2504 721 2594 chantenoi,
766 2507 898 2601 aliaque
932 2501 1035 2598 hujus

52 2609 176 2697 generis
213 2609 255 2678 in
290 2607 455 2678 auxilium
488 2621 667 2679 vocantur.
742 2606 808 2678 Sed
844 2631 916 2678 non
948 2607 1035 2678 haec

52 2709 265 2802 promiscue,
316 2723 352 2778 et
396 2707 694 2782 indiscriminatim
737 2709 889 2806 vsurpar'i
929 2707 1034 2789 licet,

54 2833 130 2882 cum
143 2812 371 2897 rationalem,
398 2825 434 2880 et
448 2811 703 2908 therapeuticeo
720 2809 854 2902 legum,
883 2820 919 2878 et
936 2832 1033 2904 prae·
1168 2893 1172 2900 ι

61 2927 226 3006 ceptorum
274 2905 433 3014 apprime
477 2934 669 2986 memorem
698 2935 829 3009 ‘eorum
863 2909 940 2982 vius
980 2933 1034 2978 ea·

61 3008 207 3108 postulet.

97 3220 212 3290 LXXI.
253 3213 432 3288 Interdum
471 3207 554 3288 raro
595 3215 695 3290 dolor
729 3219 780 3289 ita
817 3211 1033 3307 ingrauescit‚

50 3315 236 3418 saeuitque,
283 3334 323 3389 vt
355 3341 543 3414 neruorum
573 3317 732 3390 distentio
768 3341 877 3418 prope
915 3317 1034 3388 timeri

53 3419 128 3490 inde
149 3420 263 3520 pnffit.
322 3425 427 3491 Tunc
450 3419 507 3489 ille
529 3419 781 3516 aliquantulum
794 3417 907 3512 'leniri
931 3415 1031 3488 debet

52 3521 213 3618 anodynis
235 3520 515 3606 medicamentis,
542 3521 647 3618 iisque
661 3525 784 3608 etiam,
808 3546 895 3619 quae
907 3521 1032 3618 opium

50 3619 191 3711 habent3
233 3623 401 3721 quidquid
433 3639 564 3695 temere
592 3624 646 3694 his
672 3639 828 3708 utentes,
872 3637 1032 3693 autnon

57 3722 127 3794 satis
148 3739 346 3824 opportune
363 3727 512 3823 experti,
540 3740 663 3797 contra
682 3728 879 3824 opinentur.
933 3727 1031 3794 Prae·

60 3836 144 3896 terea
161 3829 274 3923 parti,
309 3851 396 3924 quae
421 3821 695 3898 inflammatione
715 3842 874 3911 vexatur,
904 3825 1030 3896 extrin-

56 3922 143 3996 secur
154 3929 368 4002 admouenda
389 3955 453 4029 pro
474 3956 512 4002 re
534 3945 615 4000 nata
635 3928 712 4000 sunt
733 3927 838 4001 modo
860 3952 916 4014 ea,
944 3949 1031 4022 quae
1065 4012 1068 4025 ‚

47 4027 227 4117 molliunt,
268 4031 373 4108 modo
404 4057 496 4129 quae
518 4032 643 4102 leniter
673 4033 890 4128 reprimunt,
924 4026 1030 4098 modo

49 4151 138 4224 quae
162 4130 381 4234 humeibant,
422 4133 641 4306 madoEquae
667 4131 791 4206 blande
815 4127 978 4300 siccantlis
996 4139 1032 4196 et

452 4247 460 4268 '
590 4259 608 4323 3
861 4247 864 4252 ’
973 4251 1030 4299 cu·
1139 4297 1144 4302 .
