<?xml version="1.0" encoding="UTF-8"?>
<!DOCTYPE html PUBLIC "-//W3C//DTD XHTML 1.0 Transitional//EN"
    "http://www.w3.org/TR/xhtml1/DTD/xhtml1-transitional.dtd">
<html xmlns="http://www.w3.org/1999/xhtml" xml:lang="en" lang="en">
 <head>
  <title>
</title>
<meta http-equiv="Content-Type" content="text/html;charset=utf-8" />
  <meta name='ocr-system' content='tesseract 3.04.00' />
  <meta name='ocr-capabilities' content='ocr_page ocr_carea ocr_par ocr_line ocrx_word'/>
</head>
<body>
  <div class='ocr_page' id='page_1' title='image "./institutionumme00kanigoog_0392.png"; bbox 0 0 2562 4906; ppageno 0'>
   <div class='ocr_carea' id='block_1_1' title="bbox 207 325 1091 414">
    <p class='ocr_par' dir='ltr' id='par_1_1' title="bbox 207 325 1091 414">
     <span class='ocr_line' id='line_1_1' title="bbox 207 325 1091 414; baseline 0.015 -26"><span class='ocrx_word' id='word_1_1' title='bbox 207 325 757 408; x_wconf 63' lang='lat' dir='ltr'>enturneoonrrresir‘r:</span> <span class='ocrx_word' id='word_1_2' title='bbox 868 345 962 414; x_wconf 73' lang='lat'>:371-</span> <span class='ocrx_word' id='word_1_3' title='bbox 1086 335 1091 350; x_wconf 93' lang='grc'>’</span> 
     </span>
    </p>
   </div>
   <div class='ocr_carea' id='block_1_2' title="bbox 13 493 1105 604">
    <p class='ocr_par' dir='ltr' id='par_1_2' title="bbox 13 493 1105 604">
     <span class='ocr_line' id='line_1_2' title="bbox 13 493 1105 604; baseline 0.001 -26"><span class='ocrx_word' id='word_1_4' title='bbox 13 503 149 580; x_wconf 76' lang='lat' dir='ltr'>remediis</span> <span class='ocrx_word' id='word_1_5' title='bbox 165 524 257 602; x_wconf 90' lang='lat' dir='ltr'>opus</span> <span class='ocrx_word' id='word_1_6' title='bbox 271 500 339 590; x_wconf 83' lang='lat' dir='ltr'>est3</span> <span class='ocrx_word' id='word_1_7' title='bbox 365 509 640 602; x_wconf 76' lang='lat' dir='ltr'>quorumtamem</span> <span class='ocrx_word' id='word_1_8' title='bbox 653 505 792 604; x_wconf 88' lang='lat' dir='ltr'>plenior</span> <span class='ocrx_word' id='word_1_9' title='bbox 803 529 955 581; x_wconf 86' lang='lat' dir='ltr'>comme·</span> <span class='ocrx_word' id='word_1_10' title='bbox 1048 493 1051 508; x_wconf 79' lang='grc'><strong>’</strong></span> <span class='ocrx_word' id='word_1_11' title='bbox 1101 509 1105 520; x_wconf 91' lang='grc'>’</span> 
     </span>
    </p>
   </div>
   <div class='ocr_carea' id='block_1_3' title="bbox 13 602 1064 1112">
    <p class='ocr_par' dir='ltr' id='par_1_3' title="bbox 14 602 957 706">
     <span class='ocr_line' id='line_1_3' title="bbox 14 602 957 706; baseline 0.001 -26"><span class='ocrx_word' id='word_1_12' title='bbox 14 608 140 680; x_wconf 78' lang='lat' dir='ltr'>notatio</span> <span class='ocrx_word' id='word_1_13' title='bbox 156 602 362 690; x_wconf 73' lang='lat' dir='ltr'>habebitur,</span> <span class='ocrx_word' id='word_1_14' title='bbox 389 603 445 692; x_wconf 88' lang='lat' dir='ltr'>vbi</span> <span class='ocrx_word' id='word_1_15' title='bbox 464 603 506 675; x_wconf 90' lang='lat' dir='ltr'>de</span> <span class='ocrx_word' id='word_1_16' title='bbox 519 607 663 698; x_wconf 86' lang='lat' dir='ltr'>otalgia,</span> <span class='ocrx_word' id='word_1_17' title='bbox 691 610 894 706; x_wconf 82' lang='lat' dir='ltr'>auriumque</span> <span class='ocrx_word' id='word_1_18' title='bbox 907 612 957 682; x_wconf 89' lang='lat' dir='ltr'>vi·</span> 
     </span>
    </p>

    <p class='ocr_par' dir='ltr' id='par_1_4' title="bbox 13 701 1064 1112">
     <span class='ocr_line' id='line_1_4' title="bbox 14 701 1064 810; baseline 0.005 -31"><span class='ocrx_word' id='word_1_19' title='bbox 14 711 57 779; x_wconf 85' lang='lat' dir='ltr'>tiis</span> <span class='ocrx_word' id='word_1_20' title='bbox 69 701 252 778; x_wconf 83' lang='lat' dir='ltr'>differetur.</span> <span class='ocrx_word' id='word_1_21' title='bbox 302 713 341 777; x_wconf 92' lang='lat' dir='ltr'>ln</span> <span class='ocrx_word' id='word_1_22' title='bbox 351 703 544 804; x_wconf 87' lang='lat' dir='ltr'>posteriore</span> <span class='ocrx_word' id='word_1_23' title='bbox 557 729 639 778; x_wconf 88' lang='lat' dir='ltr'>vero</span> <span class='ocrx_word' id='word_1_24' title='bbox 654 709 816 780; x_wconf 85' lang='lat' dir='ltr'>resolutio</span> <span class='ocrx_word' id='word_1_25' title='bbox 831 737 954 810; x_wconf 89' lang='lat' dir='ltr'>procu·</span> <span class='ocrx_word' id='word_1_26' title='bbox 1060 727 1064 734; x_wconf 88' lang='grc'><em>“</em></span> 
     </span>
     <span class='ocr_line' id='line_1_5' title="bbox 16 805 954 910; baseline 0.002 -28"><span class='ocrx_word' id='word_1_27' title='bbox 16 809 113 894; x_wconf 80' lang='lat' dir='ltr'>tanda,</span> <span class='ocrx_word' id='word_1_28' title='bbox 147 823 184 878; x_wconf 88' lang='lat' dir='ltr'>et</span> <span class='ocrx_word' id='word_1_29' title='bbox 199 805 311 904; x_wconf 87' lang='lat' dir='ltr'>quoad</span> <span class='ocrx_word' id='word_1_30' title='bbox 329 805 403 878; x_wconf 88' lang='lat' dir='ltr'>fieri</span> <span class='ocrx_word' id='word_1_31' title='bbox 419 805 548 906; x_wconf 91' lang='lat' dir='ltr'>potest,</span> <span class='ocrx_word' id='word_1_32' title='bbox 579 809 787 882; x_wconf 87' lang='lat' dir='ltr'>interiorum</span> <span class='ocrx_word' id='word_1_33' title='bbox 800 816 954 910; x_wconf 88' lang='lat' dir='ltr'>partium</span> 
     </span>
     <span class='ocr_line' id='line_1_6' title="bbox 17 907 956 1008; baseline 0.004 -27"><span class='ocrx_word' id='word_1_34' title='bbox 17 909 189 1008; x_wconf 83' lang='lat' dir='ltr'>luppurrtio</span> <span class='ocrx_word' id='word_1_35' title='bbox 205 909 393 981; x_wconf 77' lang='lat' dir='ltr'>auertenda</span> <span class='ocrx_word' id='word_1_36' title='bbox 408 907 521 992; x_wconf 87' lang='lat' dir='ltr'>estiis,</span> <span class='ocrx_word' id='word_1_37' title='bbox 546 909 668 1006; x_wconf 78' lang='lat' dir='ltr'>quibus</span> <span class='ocrx_word' id='word_1_38' title='bbox 684 912 872 1002; x_wconf 77' lang='lat' dir='ltr'>cephalitidi,</span> <span class='ocrx_word' id='word_1_39' title='bbox 894 929 956 986; x_wconf 86' lang='lat' dir='ltr'>aut</span> 
     </span>
     <span class='ocr_line' id='line_1_7' title="bbox 13 1008 776 1112; baseline 0.003 -30"><span class='ocrx_word' id='word_1_40' title='bbox 13 1012 154 1106; x_wconf 80' lang='lat' dir='ltr'>pirmitidi</span> <span class='ocrx_word' id='word_1_41' title='bbox 167 1011 422 1084; x_wconf 88' lang='lat' dir='ltr'>occurrendum</span> <span class='ocrx_word' id='word_1_42' title='bbox 438 1008 519 1082; x_wconf 79' lang='lat' dir='ltr'>alibi</span> <span class='ocrx_word' id='word_1_43' title='bbox 528 1014 776 1112; x_wconf 71' lang='lat' dir='ltr'>praecepimus.</span> 
     </span>
    </p>
   </div>
   <div class='ocr_carea' id='block_1_4' title="bbox 350 1189 583 1285">
    <p class='ocr_par' dir='ltr' id='par_1_5' title="bbox 350 1189 583 1285">
     <span class='ocr_line' id='line_1_8' title="bbox 350 1189 583 1285; baseline 0.004 -22"><span class='ocrx_word' id='word_1_44' title='bbox 350 1189 390 1285; x_wconf 66' lang='lat' dir='ltr'>o.</span> <span class='ocrx_word' id='word_1_45' title='bbox 442 1194 583 1264; x_wconf 82' lang='lat' dir='ltr'>eccm.</span> 
     </span>
    </p>
   </div>
   <div class='ocr_carea' id='block_1_5' title="bbox 15 1315 1161 4052">
    <p class='ocr_par' dir='ltr' id='par_1_6' title="bbox 15 1315 1127 2233">
     <span class='ocr_line' id='line_1_9' title="bbox 47 1315 1092 1416; baseline 0.003 -27"><span class='ocrx_word' id='word_1_46' title='bbox 47 1317 99 1390; x_wconf 80' lang='lat' dir='ltr'>led</span> <span class='ocrx_word' id='word_1_47' title='bbox 118 1316 336 1416; x_wconf 84' lang='lat' dir='ltr'>frequentius</span> <span class='ocrx_word' id='word_1_48' title='bbox 358 1315 395 1386; x_wconf 90' lang='lat' dir='ltr'>im</span> <span class='ocrx_word' id='word_1_49' title='bbox 415 1315 481 1388; x_wconf 85' lang='lat' dir='ltr'>hac</span> <span class='ocrx_word' id='word_1_50' title='bbox 504 1317 602 1390; x_wconf 77' lang='lat' dir='ltr'>febre</span> <span class='ocrx_word' id='word_1_51' title='bbox 621 1319 758 1416; x_wconf 87' lang='lat' dir='ltr'>aliisque</span> <span class='ocrx_word' id='word_1_52' title='bbox 780 1317 1092 1412; x_wconf 56' lang='lat' dir='ltr'>maligniefamren</span> 
     </span>
     <span class='ocr_line' id='line_1_10' title="bbox 15 1392 1127 1520; baseline 0.01 -31"><span class='ocrx_word' id='word_1_53' title='bbox 15 1419 184 1516; x_wconf 87' lang='lat' dir='ltr'>pmelertim</span> <span class='ocrx_word' id='word_1_54' title='bbox 201 1419 423 1520; x_wconf 74' lang='lat' dir='ltr'>epid‘erniois,</span> <span class='ocrx_word' id='word_1_55' title='bbox 451 1417 611 1492; x_wconf 84' lang='lat' dir='ltr'>ableelsus</span> <span class='ocrx_word' id='word_1_56' title='bbox 630 1419 720 1492; x_wconf 88' lang='lat' dir='ltr'>fiunt</span> <span class='ocrx_word' id='word_1_57' title='bbox 733 1421 824 1494; x_wconf 89' lang='lat' dir='ltr'>circa</span> <span class='ocrx_word' id='word_1_58' title='bbox 839 1392 1127 1512; x_wconf 49' lang='lat' dir='ltr'>auresfm‘um*</span> 
     </span>
     <span class='ocr_line' id='line_1_11' title="bbox 19 1521 1030 1620; baseline 0.006 -29"><span class='ocrx_word' id='word_1_59' title='bbox 19 1521 226 1619; x_wconf 65' lang='lat' dir='ltr'>amoresque,</span> <span class='ocrx_word' id='word_1_60' title='bbox 256 1521 316 1619; x_wconf 88' lang='lat' dir='ltr'>qui</span> <span class='ocrx_word' id='word_1_61' title='bbox 332 1527 423 1620; x_wconf 82' lang='lat' dir='ltr'>p&#39;oire</span> <span class='ocrx_word' id='word_1_62' title='bbox 436 1547 502 1607; x_wconf 86' lang='lat' dir='ltr'>eas,</span> <span class='ocrx_word' id='word_1_63' title='bbox 530 1539 591 1596; x_wconf 86' lang='lat' dir='ltr'>aut</span> <span class='ocrx_word' id='word_1_64' title='bbox 603 1523 718 1595; x_wconf 86' lang='lat' dir='ltr'>subter</span> <span class='ocrx_word' id='word_1_65' title='bbox 733 1525 954 1613; x_wconf 87' lang='lat' dir='ltr'>attolluntur,</span> <span class='ocrx_word' id='word_1_66' title='bbox 1025 1531 1030 1538; x_wconf 87' lang='grc'><em>’</em></span> 
     </span>
     <span class='ocr_line' id='line_1_12' title="bbox 19 1622 955 1723; baseline 0.014 -34"><span class='ocrx_word' id='word_1_67' title='bbox 19 1623 190 1719; x_wconf 82' lang='lat' dir='ltr'>aparotide</span> <span class='ocrx_word' id='word_1_68' title='bbox 219 1622 384 1716; x_wconf 83' lang='lat' dir='ltr'>glandula</span> <span class='ocrx_word' id='word_1_69' title='bbox 404 1623 453 1694; x_wconf 89' lang='lat' dir='ltr'>de·</span> <span class='ocrx_word' id='word_1_70' title='bbox 474 1649 598 1716; x_wconf 87' lang='lat' dir='ltr'>genere</span> <span class='ocrx_word' id='word_1_71' title='bbox 618 1628 955 1723; x_wconf 83' lang='lat' dir='ltr'>conglomeratarunr</span> 
     </span>
     <span class='ocr_line' id='line_1_13' title="bbox 18 1724 1019 1826; baseline 0.013 -35"><span class='ocrx_word' id='word_1_72' title='bbox 18 1747 115 1818; x_wconf 88' lang='lat' dir='ltr'>nomen</span> <span class='ocrx_word' id='word_1_73' title='bbox 134 1727 334 1824; x_wconf 83' lang='lat' dir='ltr'>accipiunt3</span> <span class='ocrx_word' id='word_1_74' title='bbox 367 1724 457 1822; x_wconf 77' lang='lat' dir='ltr'>quo&#39;d</span> <span class='ocrx_word' id='word_1_75' title='bbox 472 1725 569 1824; x_wconf 86' lang='lat' dir='ltr'>supra</span> <span class='ocrx_word' id='word_1_76' title='bbox 584 1727 630 1820; x_wconf 73' lang='lat' dir='ltr'>(i-</span> <span class='ocrx_word' id='word_1_77' title='bbox 649 1731 864 1819; x_wconf 85' lang='lat' dir='ltr'>CCLXXVI.)</span> <span class='ocrx_word' id='word_1_78' title='bbox 882 1730 954 1826; x_wconf 84' lang='lat' dir='ltr'>jam</span> <span class='ocrx_word' id='word_1_79' title='bbox 1015 1749 1019 1764; x_wconf 82' lang='lat'><em>&#39;</em></span> 
     </span>
     <span class='ocr_line' id='line_1_14' title="bbox 19 1823 1082 1928; baseline 0.011 -36"><span class='ocrx_word' id='word_1_80' title='bbox 19 1823 178 1900; x_wconf 86' lang='lat' dir='ltr'>indicatum</span> <span class='ocrx_word' id='word_1_81' title='bbox 194 1826 256 1899; x_wconf 90' lang='lat' dir='ltr'>est.</span> <span class='ocrx_word' id='word_1_82' title='bbox 309 1829 498 1898; x_wconf 85' lang='lat' dir='ltr'>Neminem</span> <span class='ocrx_word' id='word_1_83' title='bbox 516 1829 624 1898; x_wconf 88' lang='lat' dir='ltr'>latere</span> <span class='ocrx_word' id='word_1_84' title='bbox 637 1827 796 1916; x_wconf 87' lang='lat' dir='ltr'>arbitror,</span> <span class='ocrx_word' id='word_1_85' title='bbox 823 1833 953 1928; x_wconf 85' lang='lat' dir='ltr'>paroti-</span> <span class='ocrx_word' id='word_1_86' title='bbox 1074 1839 1082 1862; x_wconf 86' lang='lat'><em>&#39;</em></span> 
     </span>
     <span class='ocr_line' id='line_1_15' title="bbox 21 1924 952 2030; baseline 0.012 -36"><span class='ocrx_word' id='word_1_87' title='bbox 21 1924 77 1997; x_wconf 88' lang='lat' dir='ltr'>lum</span> <span class='ocrx_word' id='word_1_88' title='bbox 101 1929 222 2030; x_wconf 86' lang='lat' dir='ltr'>duplex</span> <span class='ocrx_word' id='word_1_89' title='bbox 247 1951 353 2020; x_wconf 78' lang='lat' dir='ltr'>genus</span> <span class='ocrx_word' id='word_1_90' title='bbox 370 1925 435 2000; x_wconf 85' lang='lat' dir='ltr'>elle</span> <span class='ocrx_word' id='word_1_91' title='bbox 465 1932 669 2028; x_wconf 88' lang='lat' dir='ltr'>primarium</span> <span class='ocrx_word' id='word_1_92' title='bbox 683 1931 840 2017; x_wconf 79' lang='lat' dir='ltr'>alterurn,</span> <span class='ocrx_word' id='word_1_93' title='bbox 868 1935 952 2005; x_wconf 84' lang='lat' dir='ltr'>alte·</span> 
     </span>
     <span class='ocr_line' id='line_1_16' title="bbox 21 2029 951 2130; baseline 0.009 -32"><span class='ocrx_word' id='word_1_94' title='bbox 21 2051 75 2100; x_wconf 83' lang='lat' dir='ltr'>rum</span> <span class='ocrx_word' id='word_1_95' title='bbox 88 2029 340 2118; x_wconf 62' lang='lat' dir='ltr'>inundationi,</span> <span class='ocrx_word' id='word_1_96' title='bbox 372 2029 505 2128; x_wconf 84' lang='lat' dir='ltr'>liocque</span> <span class='ocrx_word' id='word_1_97' title='bbox 525 2029 690 2130; x_wconf 86' lang='lat' dir='ltr'>posterius</span> <span class='ocrx_word' id='word_1_98' title='bbox 705 2031 762 2103; x_wconf 92' lang='lat' dir='ltr'>hic</span> <span class='ocrx_word' id='word_1_99' title='bbox 773 2034 838 2104; x_wconf 92' lang='lat' dir='ltr'>loci</span> <span class='ocrx_word' id='word_1_100' title='bbox 852 2033 951 2107; x_wconf 88' lang='lat' dir='ltr'>intel·</span> 
     </span>
     <span class='ocr_line' id='line_1_17' title="bbox 22 2125 977 2233; baseline 0.003 -34"><span class='ocrx_word' id='word_1_101' title='bbox 22 2125 161 2217; x_wconf 82' lang='lat' dir='ltr'>ligendum</span> <span class='ocrx_word' id='word_1_102' title='bbox 185 2128 274 2206; x_wconf 81' lang='lat' dir='ltr'>effe.</span> <span class='ocrx_word' id='word_1_103' title='bbox 321 2133 452 2204; x_wconf 86' lang='lat' dir='ltr'>Parotis</span> <span class='ocrx_word' id='word_1_104' title='bbox 468 2133 577 2224; x_wconf 79' lang='lat' dir='ltr'>igitur</span> <span class='ocrx_word' id='word_1_105' title='bbox 591 2133 801 2218; x_wconf 87' lang='lat' dir='ltr'>secundaria,</span> <span class='ocrx_word' id='word_1_106' title='bbox 828 2135 871 2208; x_wconf 88' lang='lat' dir='ltr'>de</span> <span class='ocrx_word' id='word_1_107' title='bbox 884 2159 951 2233; x_wconf 79' lang='lat' dir='ltr'>qua</span> <span class='ocrx_word' id='word_1_108' title='bbox 973 2195 977 2202; x_wconf 81' lang='lat'><em>.</em></span> 
     </span>
    </p>

    <p class='ocr_par' dir='ltr' id='par_1_7' title="bbox 23 2227 1069 2642">
     <span class='ocr_line' id='line_1_18' title="bbox 25 2227 1069 2334; baseline 0.009 -34"><span class='ocrx_word' id='word_1_109' title='bbox 25 2227 62 2300; x_wconf 85' lang='lat' dir='ltr'>lie</span> <span class='ocrx_word' id='word_1_110' title='bbox 72 2235 250 2332; x_wconf 89' lang='lat' dir='ltr'>loquimur,</span> <span class='ocrx_word' id='word_1_111' title='bbox 261 2231 418 2306; x_wconf 82' lang='lat' dir='ltr'>-febribus</span> <span class='ocrx_word' id='word_1_112' title='bbox 432 2235 627 2333; x_wconf 86' lang='lat' dir='ltr'>superuenit</span> <span class='ocrx_word' id='word_1_113' title='bbox 642 2237 769 2334; x_wconf 75' lang='lat' dir='ltr'>velpem</span> <span class='ocrx_word' id='word_1_114' title='bbox 781 2239 953 2324; x_wconf 81' lang='lat' dir='ltr'>dledoelrem,</span> <span class='ocrx_word' id='word_1_115' title='bbox 1059 2265 1069 2284; x_wconf 90' lang='lat'><strong>·</strong></span> 
     </span>
     <span class='ocr_line' id='line_1_19' title="bbox 28 2333 952 2433; baseline 0.017 -35"><span class='ocrx_word' id='word_1_116' title='bbox 28 2345 182 2424; x_wconf 80' lang='lat' dir='ltr'>mvocant,</span> <span class='ocrx_word' id='word_1_117' title='bbox 223 2333 294 2412; x_wconf 77' lang='lat' dir='ltr'>siue</span> <span class='ocrx_word' id='word_1_118' title='bbox 306 2339 468 2408; x_wconf 84' lang='lat' dir='ltr'>materiae</span> <span class='ocrx_word' id='word_1_119' title='bbox 482 2335 679 2410; x_wconf 84' lang='lat' dir='ltr'>morbificae</span> <span class='ocrx_word' id='word_1_120' title='bbox 695 2365 713 2408; x_wconf 89' lang='lat' dir='ltr'>a</span> <span class='ocrx_word' id='word_1_121' title='bbox 727 2337 888 2412; x_wconf 88' lang='lat' dir='ltr'>nobiliori</span> <span class='ocrx_word' id='word_1_122' title='bbox 909 2339 952 2433; x_wconf 80' lang='lat' dir='ltr'>ad</span> 
     </span>
     <span class='ocr_line' id='line_1_20' title="bbox 24 2425 950 2541; baseline 0.01 -36"><span class='ocrx_word' id='word_1_123' title='bbox 24 2425 231 2522; x_wconf 73' lang='lat' dir='ltr'>ignobiliorem</span> <span class='ocrx_word' id='word_1_124' title='bbox 252 2455 385 2535; x_wconf 87' lang='lat' dir='ltr'>partem</span> <span class='ocrx_word' id='word_1_125' title='bbox 401 2441 686 2526; x_wconf 82' lang='lat' dir='ltr'>translationem,</span> <span class='ocrx_word' id='word_1_126' title='bbox 707 2443 759 2513; x_wconf 85' lang='lat' dir='ltr'>vel</span> <span class='ocrx_word' id='word_1_127' title='bbox 771 2468 835 2541; x_wconf 89' lang='lat' dir='ltr'>per</span> <span class='ocrx_word' id='word_1_128' title='bbox 848 2447 950 2541; x_wconf 83' lang='lat' dir='ltr'>epige-</span> 
     </span>
     <span class='ocr_line' id='line_1_21' title="bbox 23 2535 951 2642; baseline 0.012 -37"><span class='ocrx_word' id='word_1_129' title='bbox 23 2535 94 2624; x_wconf 73' lang='lat' dir='ltr'>otlm,</span> <span class='ocrx_word' id='word_1_130' title='bbox 108 2535 174 2613; x_wconf 83' lang='lat' dir='ltr'>liue</span> <span class='ocrx_word' id='word_1_131' title='bbox 187 2541 695 2640; x_wconf 80' lang='lat' dir='ltr'>propagationem.morbi,·aut</span> <span class='ocrx_word' id='word_1_132' title='bbox 705 2547 787 2616; x_wconf 84' lang='lat' dir='ltr'>noui</span> <span class='ocrx_word' id='word_1_133' title='bbox 796 2545 951 2642; x_wconf 84' lang='lat' dir='ltr'>sympto-</span> 
     </span>
    </p>

    <p class='ocr_par' dir='ltr' id='par_1_8' title="bbox 25 2639 950 2744">
     <span class='ocr_line' id='line_1_22' title="bbox 25 2639 950 2744; baseline 0.016 -41"><span class='ocrx_word' id='word_1_134' title='bbox 25 2639 96 2709; x_wconf 84' lang='lat' dir='ltr'>matis</span> <span class='ocrx_word' id='word_1_135' title='bbox 112 2642 344 2716; x_wconf 79' lang='lat' dir='ltr'>accessionem.</span> <span class='ocrx_word' id='word_1_136' title='bbox 372 2644 496 2735; x_wconf 84' lang='lat' dir='ltr'>Magni</span> <span class='ocrx_word' id='word_1_137' title='bbox 516 2653 632 2716; x_wconf 83' lang='lat' dir='ltr'>autern</span> <span class='ocrx_word' id='word_1_138' title='bbox 649 2643 797 2730; x_wconf 86' lang='lat' dir='ltr'>interest,</span> <span class='ocrx_word' id='word_1_139' title='bbox 820 2649 950 2744; x_wconf 88' lang='lat' dir='ltr'>primo·</span> 
     </span>
    </p>

    <p class='ocr_par' dir='ltr' id='par_1_9' title="bbox 27 2743 982 2943">
     <span class='ocr_line' id='line_1_23' title="bbox 27 2743 951 2842; baseline 0.006 -30"><span class='ocrx_word' id='word_1_140' title='bbox 27 2755 61 2820; x_wconf 72' lang='lat' dir='ltr'>nt,</span> <span class='ocrx_word' id='word_1_141' title='bbox 80 2767 117 2814; x_wconf 81' lang='lat' dir='ltr'>an</span> <span class='ocrx_word' id='word_1_142' title='bbox 130 2744 279 2824; x_wconf 84' lang='lat' dir='ltr'>secundo</span> <span class='ocrx_word' id='word_1_143' title='bbox 293 2743 396 2816; x_wconf 86' lang='lat' dir='ltr'>modo</span> <span class='ocrx_word' id='word_1_144' title='bbox 413 2745 554 2822; x_wconf 84' lang='lat' dir='ltr'>oriatur.</span> <span class='ocrx_word' id='word_1_145' title='bbox 597 2745 787 2842; x_wconf 85' lang='lat' dir='ltr'>Multiplici</span> <span class='ocrx_word' id='word_1_146' title='bbox 801 2770 883 2817; x_wconf 84' lang='lat' dir='ltr'>vero</span> <span class='ocrx_word' id='word_1_147' title='bbox 898 2771 951 2818; x_wconf 86' lang='lat' dir='ltr'>ra·</span> 
     </span>
     <span class='ocr_line' id='line_1_24' title="bbox 28 2835 982 2943; baseline 0.008 -31"><span class='ocrx_word' id='word_1_148' title='bbox 28 2835 233 2943; x_wconf 79' lang='lat' dir='ltr'>tioneparoeis</span> <span class='ocrx_word' id='word_1_149' title='bbox 248 2845 463 2934; x_wconf 80' lang='lat' dir='ltr'>intumescit,</span> <span class='ocrx_word' id='word_1_150' title='bbox 503 2861 543 2918; x_wconf 85' lang='lat' dir='ltr'>vt</span> <span class='ocrx_word' id='word_1_151' title='bbox 555 2846 720 2918; x_wconf 78' lang='lat' dir='ltr'>habemus</span> <span class='ocrx_word' id='word_1_152' title='bbox 735 2874 774 2917; x_wconf 86' lang='lat' dir='ltr'>ex</span> <span class='ocrx_word' id='word_1_153' title='bbox 791 2849 951 2932; x_wconf 71' lang='lat' dir='ltr'>l’atholo·⁴</span> <span class='ocrx_word' id='word_1_154' title='bbox 980 2889 982 2896; x_wconf 70' lang='lat'>,</span> 
     </span>
    </p>

    <p class='ocr_par' dir='ltr' id='par_1_10' title="bbox 22 2939 1161 4052">
     <span class='ocr_line' id='line_1_25' title="bbox 26 2939 1056 3044; baseline -0.004 -20"><span class='ocrx_word' id='word_1_155' title='bbox 26 2939 72 3024; x_wconf 75' lang='lat' dir='ltr'>gia.</span> <span class='ocrx_word' id='word_1_156' title='bbox 114 2949 316 3040; x_wconf 85' lang='lat' dir='ltr'>Generatim</span> <span class='ocrx_word' id='word_1_157' title='bbox 325 2963 443 3019; x_wconf 85' lang='lat' dir='ltr'>tamen</span> <span class='ocrx_word' id='word_1_158' title='bbox 458 2963 572 3020; x_wconf 87' lang='lat' dir='ltr'>tumet</span> <span class='ocrx_word' id='word_1_159' title='bbox 588 2947 866 3044; x_wconf 83' lang='lat' dir='ltr'>velobmajorem</span> <span class='ocrx_word' id='word_1_160' title='bbox 884 2953 951 3022; x_wconf 87' lang='lat' dir='ltr'>hu·</span> <span class='ocrx_word' id='word_1_161' title='bbox 1037 2992 1056 3020; x_wconf 74' lang='lat'>·1</span> 
     </span>
     <span class='ocr_line' id='line_1_26' title="bbox 28 3045 1161 3146; baseline 0.011 -32"><span class='ocrx_word' id='word_1_162' title='bbox 28 3045 104 3116; x_wconf 77' lang='lat' dir='ltr'>mom</span> <span class='ocrx_word' id='word_1_163' title='bbox 116 3051 294 3135; x_wconf 84' lang='lat' dir='ltr'>influxum,</span> <span class='ocrx_word' id='word_1_164' title='bbox 318 3052 371 3122; x_wconf 87' lang='lat' dir='ltr'>vel</span> <span class='ocrx_word' id='word_1_165' title='bbox 385 3050 533 3146; x_wconf 84' lang='lat' dir='ltr'>ejusdem</span> <span class='ocrx_word' id='word_1_166' title='bbox 546 3051 726 3136; x_wconf 87' lang='lat' dir='ltr'>lentorem,</span> <span class='ocrx_word' id='word_1_167' title='bbox 755 3049 951 3124; x_wconf 77' lang='lat' dir='ltr'>erdenlita·</span> <span class='ocrx_word' id='word_1_168' title='bbox 1048 3120 1055 3134; x_wconf 68' lang='grc'>,</span> <span class='ocrx_word' id='word_1_169' title='bbox 1096 3089 1099 3096; x_wconf 35' lang='lat' dir='ltr'>v</span> <span class='ocrx_word' id='word_1_170' title='bbox 1157 3118 1161 3126; x_wconf 78' lang='grc'>,</span> 
     </span>
     <span class='ocr_line' id='line_1_27' title="bbox 29 3146 952 3250; baseline 0.007 -30"><span class='ocrx_word' id='word_1_171' title='bbox 29 3151 90 3230; x_wconf 63' lang='lat' dir='ltr'>itm,</span> <span class='ocrx_word' id='word_1_172' title='bbox 104 3153 149 3224; x_wconf 85' lang='lat' dir='ltr'>vel</span> <span class='ocrx_word' id='word_1_173' title='bbox 160 3146 319 3224; x_wconf 85' lang='lat' dir='ltr'>vasorum</span> <span class='ocrx_word' id='word_1_174' title='bbox 337 3167 377 3234; x_wconf 75' lang='lat' dir='ltr'>et,</span> <span class='ocrx_word' id='word_1_175' title='bbox 387 3155 496 3224; x_wconf 89' lang='lat' dir='ltr'>totius</span> <span class='ocrx_word' id='word_1_176' title='bbox 511 3153 880 3250; x_wconf 76' lang='lat' dir='ltr'>compagislaxitatem,</span> <span class='ocrx_word' id='word_1_177' title='bbox 897 3155 952 3226; x_wconf 88' lang='lat' dir='ltr'>vel</span> 
     </span>
     <span class='ocr_line' id='line_1_28' title="bbox 26 3255 1001 3341; baseline 0.006 -21"><span class='ocrx_word' id='word_1_178' title='bbox 26 3261 179 3328; x_wconf 70' lang='lat' dir='ltr'>nerrorum</span> <span class='ocrx_word' id='word_1_179' title='bbox 195 3256 440 3341; x_wconf 87' lang='lat' dir='ltr'>irritationem,</span> <span class='ocrx_word' id='word_1_180' title='bbox 456 3257 509 3325; x_wconf 76' lang='lat' dir='ltr'>uel</span> <span class='ocrx_word' id='word_1_181' title='bbox 518 3255 672 3327; x_wconf 87' lang='lat' dir='ltr'>humoris</span> <span class='ocrx_word' id='word_1_182' title='bbox 680 3256 878 3328; x_wconf 83' lang='lat' dir='ltr'>excernendi</span> <span class='ocrx_word' id='word_1_183' title='bbox 888 3259 951 3326; x_wconf 86' lang='lat' dir='ltr'>irn-</span> <span class='ocrx_word' id='word_1_184' title='bbox 998 3332 1001 3336; x_wconf 60' lang='grc'><strong><em>,</em></strong></span> 
     </span>
     <span class='ocr_line' id='line_1_29' title="bbox 24 3343 951 3441; baseline 0.008 -19"><span class='ocrx_word' id='word_1_185' title='bbox 24 3343 244 3441; x_wconf 74' lang='lat' dir='ltr'>pedimentum,</span> <span class='ocrx_word' id='word_1_186' title='bbox 259 3353 465 3433; x_wconf 73' lang='lat' dir='ltr'>etdudturun</span> <span class='ocrx_word' id='word_1_187' title='bbox 476 3359 743 3428; x_wconf 82' lang='lat' dir='ltr'>excretoriorum</span> <span class='ocrx_word' id='word_1_188' title='bbox 753 3354 951 3429; x_wconf 69' lang='lat' dir='ltr'>obstrustio·</span> 
     </span>
     <span class='ocr_line' id='line_1_30' title="bbox 23 3457 1110 3556; baseline -0.01 -21"><span class='ocrx_word' id='word_1_189' title='bbox 23 3465 101 3535; x_wconf 54' lang='grc' dir='ltr'>Μῦς</span> <span class='ocrx_word' id='word_1_190' title='bbox 125 3471 183 3538; x_wconf 77' lang='lat' dir='ltr'>eut</span> <span class='ocrx_word' id='word_1_191' title='bbox 203 3457 390 3556; x_wconf 74' lang='lat' dir='ltr'>spasmum.-</span> <span class='ocrx_word' id='word_1_192' title='bbox 410 3531 419 3538; x_wconf 76' lang='grc'>,,</span> <span class='ocrx_word' id='word_1_193' title='bbox 440 3464 642 3540; x_wconf 84' lang='lat' dir='ltr'>Neruorum</span> <span class='ocrx_word' id='word_1_194' title='bbox 666 3474 783 3530; x_wconf 83' lang='lat' dir='ltr'>autern</span> <span class='ocrx_word' id='word_1_195' title='bbox 802 3460 952 3531; x_wconf 80' lang='lat' dir='ltr'>irritatio</span> <span class='ocrx_word' id='word_1_196' title='bbox 976 3477 981 3524; x_wconf 72' lang='lat'><em>2</em></span> <span class='ocrx_word' id='word_1_197' title='bbox 1002 3504 1014 3526; x_wconf 76' lang='grc'>.,</span> <span class='ocrx_word' id='word_1_198' title='bbox 1107 3492 1110 3502; x_wconf 83' lang='grc'><em>·</em></span> 
     </span>
     <span class='ocr_line' id='line_1_31' title="bbox 22 3539 1026 3656; baseline -0.004 -20"><span class='ocrx_word' id='word_1_199' title='bbox 22 3539 262 3645; x_wconf 67' lang='lat' dir='ltr'>frequeatiffima</span> <span class='ocrx_word' id='word_1_200' title='bbox 277 3554 457 3646; x_wconf 68' lang='lat' dir='ltr'>cauliaest,</span> <span class='ocrx_word' id='word_1_201' title='bbox 468 3560 560 3656; x_wconf 86' lang='lat' dir='ltr'>quod</span> <span class='ocrx_word' id='word_1_202' title='bbox 573 3562 691 3632; x_wconf 86' lang='lat' dir='ltr'>multis</span> <span class='ocrx_word' id='word_1_203' title='bbox 708 3561 744 3631; x_wconf 91' lang='lat' dir='ltr'>in</span> <span class='ocrx_word' id='word_1_204' title='bbox 758 3561 844 3632; x_wconf 89' lang='lat' dir='ltr'>locis</span> <span class='ocrx_word' id='word_1_205' title='bbox 859 3560 952 3634; x_wconf 87' lang='lat' dir='ltr'>vide·</span> <span class='ocrx_word' id='word_1_206' title='bbox 1018 3625 1026 3650; x_wconf 65' lang='lat'>,</span> 
     </span>
     <span class='ocr_line' id='line_1_32' title="bbox 24 3655 954 3755; baseline 0.024 -41"><span class='ocrx_word' id='word_1_207' title='bbox 24 3657 67 3716; x_wconf 88' lang='lat' dir='ltr'>tur</span> <span class='ocrx_word' id='word_1_208' title='bbox 78 3655 212 3732; x_wconf 89' lang='lat' dir='ltr'>innuere</span> <span class='ocrx_word' id='word_1_209' title='bbox 229 3664 505 3755; x_wconf 73' lang='lat' dir='ltr'>fflpporratesa);</span> <span class='ocrx_word' id='word_1_210' title='bbox 541 3682 621 3732; x_wconf 85' lang='lat' dir='ltr'>nam</span> <span class='ocrx_word' id='word_1_211' title='bbox 637 3687 763 3736; x_wconf 85' lang='lat' dir='ltr'>neruea</span> <span class='ocrx_word' id='word_1_212' title='bbox 777 3663 827 3732; x_wconf 88' lang='lat' dir='ltr'>vis</span> <span class='ocrx_word' id='word_1_213' title='bbox 841 3677 879 3733; x_wconf 88' lang='lat' dir='ltr'>vt</span> <span class='ocrx_word' id='word_1_214' title='bbox 895 3689 954 3736; x_wconf 85' lang='lat' dir='ltr'>na·</span> 
     </span>
     <span class='ocr_line' id='line_1_33' title="bbox 23 3755 954 3860; baseline 0.026 -47"><span class='ocrx_word' id='word_1_215' title='bbox 23 3755 164 3832; x_wconf 81' lang='lat' dir='ltr'>toralibus</span> <span class='ocrx_word' id='word_1_216' title='bbox 177 3761 421 3838; x_wconf 77' lang='lat' dir='ltr'>secretionibus</span> <span class='ocrx_word' id='word_1_217' title='bbox 430 3758 651 3858; x_wconf 74' lang='lat' dir='ltr'>,perficiendis</span> <span class='ocrx_word' id='word_1_218' title='bbox 666 3764 857 3860; x_wconf 89' lang='lat' dir='ltr'>plurimum</span> <span class='ocrx_word' id='word_1_219' title='bbox 871 3791 954 3836; x_wconf 89' lang='lat' dir='ltr'>com·</span> 
     </span>
     <span class='ocr_line' id='line_1_34' title="bbox 23 3842 956 3962; baseline 0.004 -26"><span class='ocrx_word' id='word_1_220' title='bbox 23 3842 84 3936; x_wconf 76' lang='lat' dir='ltr'>lent,</span> <span class='ocrx_word' id='word_1_221' title='bbox 106 3855 148 3934; x_wconf 70' lang='lat' dir='ltr'>sto</span> <span class='ocrx_word' id='word_1_222' title='bbox 159 3867 302 3947; x_wconf 85' lang='lat' dir='ltr'>alterata</span> <span class='ocrx_word' id='word_1_223' title='bbox 315 3861 565 3948; x_wconf 64' lang='lat' dir='ltr'>labefaciandis,</span> <span class='ocrx_word' id='word_1_224' title='bbox 576 3865 799 3962; x_wconf 79' lang='lat' dir='ltr'>vitiandilque</span> <span class='ocrx_word' id='word_1_225' title='bbox 810 3863 956 3940; x_wconf 78' lang='lat' dir='ltr'>caussam</span> 
     </span>
     <span class='ocr_line' id='line_1_35' title="bbox 24 3953 957 4052; baseline 0.002 -16"><span class='ocrx_word' id='word_1_226' title='bbox 24 3953 151 4041; x_wconf 78' lang='lat' dir='ltr'>Praebet.</span> <span class='ocrx_word' id='word_1_227' title='bbox 184 3954 188 3974; x_wconf 85' lang='lat'>&#39;</span> <span class='ocrx_word' id='word_1_228' title='bbox 223 3967 353 4046; x_wconf 81' lang='lat' dir='ltr'>Idcirco</span> <span class='ocrx_word' id='word_1_229' title='bbox 377 3963 572 4052; x_wconf 83' lang='lat' dir='ltr'>conuulsorio</span> <span class='ocrx_word' id='word_1_230' title='bbox 599 3971 688 4038; x_wconf 79' lang='lat' dir='ltr'>modo</span> <span class='ocrx_word' id='word_1_231' title='bbox 703 3991 792 4040; x_wconf 87' lang='lat' dir='ltr'>cum</span> <span class='ocrx_word' id='word_1_232' title='bbox 821 3994 957 4038; x_wconf 72' lang='lat' dir='ltr'>minno-</span> 
     </span>
    </p>
   </div>
   <div class='ocr_carea' id='block_1_6' title="bbox 24 4063 960 4247">
    <p class='ocr_par' dir='ltr' id='par_1_11' title="bbox 24 4063 960 4247">
     <span class='ocr_line' id='line_1_36' title="bbox 24 4063 907 4168; baseline 0.045 -51"><span class='ocrx_word' id='word_1_233' title='bbox 24 4070 135 4134; x_wconf 77' lang='lat' dir='ltr'>cnerr</span> <span class='ocrx_word' id='word_1_234' title='bbox 150 4067 324 4168; x_wconf 64' lang='lat' dir='ltr'>plerasque,</span> <span class='ocrx_word' id='word_1_235' title='bbox 346 4063 423 4166; x_wconf 75' lang='lat' dir='ltr'>fieri</span> <span class='ocrx_word' id='word_1_236' title='bbox 445 4067 629 4150; x_wconf 81' lang='lat' dir='ltr'>contendit</span> <span class='ocrx_word' id='word_1_237' title='bbox 648 4072 884 4155; x_wconf 62' lang='lat' dir='ltr'>cv1A12vsbl·</span> <span class='ocrx_word' id='word_1_238' title='bbox 903 4129 907 4136; x_wconf 84' lang='lat'><em>·</em></span> 
     </span>
     <span class='ocr_line' id='line_1_37' title="bbox 495 4155 960 4247; baseline 0.049 -37"><span class='ocrx_word' id='word_1_239' title='bbox 495 4171 590 4234; x_wconf 60' lang='grc' dir='ltr'>ΑΗ</span> <span class='ocrx_word' id='word_1_240' title='bbox 618 4219 622 4224; x_wconf 76' lang='grc'>,</span> <span class='ocrx_word' id='word_1_241' title='bbox 812 4165 868 4247; x_wconf 59' lang='grc' dir='ltr'>Γα)</span> <span class='ocrx_word' id='word_1_242' title='bbox 890 4155 960 4232; x_wconf 72' lang='lat' dir='ltr'>vid.</span> 
     </span>
    </p>
   </div>
   <div class='ocr_carea' id='block_1_7' title="bbox 0 0 1297 4906">
    <p class='ocr_par' dir='ltr' id='par_1_12' title="bbox 0 0 1297 4906">
     <span class='ocr_line' id='line_1_38' title="bbox 0 0 1297 4906; baseline 0 0"><span class='ocrx_word' id='word_1_243' title='bbox 0 0 1297 4906; x_wconf 95' lang='lat' dir='ltr'> </span> 
     </span>
    </p>
   </div>
  </div>
 </body>
</html>
