2670 4896
997 407 1042 482 53

67 569 284 668 'congestiones
312 567 562 672 spestantibus',
592 565 763 664 stamen
790 567 1041 674 piosestoribus

78 675 134 748 ists
148 673 310 746 habenda
334 671 399 760 est,
428 699 497 746 nec
514 699 664 774 vna¹pro
689 680 755 748 alia
780 678 1041 779 saepe‘accepta

76 775 109 850 st.
148 779 260 850 Dolor
286 791 464 878 praeterea
486 793 546 848 aut
567 777 674 864 abest,
704 793 765 852 aut
789 777 965 869 obscurus,
994 791 1039 855 'et

71 881 135 951 buis
156 883 191 950 in
218 877 558 950 inflammationibus
589 905 707 952 earum
738 883 910 978 partium,
951 907 1038 981 quae

68 978 300 1052 sensibilitatem
319 999 381 1052 aut
400 981 602 1067 amiserunt,
627 997 687 1052 aut
706 982 799 1054 sensu
814 986 957 1056 omnino
975 1011 1038 1084 per

1 1102 2 1157 ἒ
69 1083 238 1169 secarent,
282 1099 345 1152 aut
378 1080 541 1154 obtufiori
573 1084 817 1156 tantummodo
851 1086 1035 1176 donantur,

73 1185 176 1282 quaies
201 1183 269 1256 suot
306 1185 564 1282 peritonaeum,
608 1187 743 1283 pleura,
788 1185 1036 1278 mediastinum,

76 1285 297 1382 pericardium,
326 1286 427 1372 dura,
459 1301 495 1358 et
508 1287 564 1380 pia
580 1289 732 1372 meninx,
759 1285 934 1388 tendiflnes,
961 1313 1033 1362 car·

81 1387 221 1479 tisagines,
244 1389 400 1485 aliaeque
419 1387 630 1484 hujusmodi,
655 1387 716 1461 nifi
736 1376 840 1461 fimus
856 1391 905 1461 ita
920 1389 1033 1463 tume-
1124 1472 1127 1488 1

73 1503 131 1576 nt,
161 1505 198 1560 vt
225 1491 402 1586 proximae
428 1506 550 1588 partes·
568 1492 661 1563 sensu
687 1494 837 1575 acutiori
856 1493 1033 1590 praeditae
1084 1543 1087 1552 ,
1153 1547 1156 1552 -

66 1615 118 1662 vna
130 1609 347 1690 premantur,
374 1605 435 1662 aut
448 1589 678 1678 consentiant,
701 1609 761 1664 aut
781 1619 846 1690 qua
861 1597 958 1666 nerui
973 1595 1031 1666 de·

63 1699 207 1780 currunt,
239 1707 302 1766 aut
323 1693 579 1792 pertranseunt,
609 1694 884 1772 inflammatione
904 1695 1030 1798 specia-

62 1795 115 1864 tim
130 1811 353 1894 occupentur.
1029 1876 1033 1889 ⁴

101 1901 177 1968 ΗΠ.
205 1898 323 1970 Pulsus
340 1897 582 1996 saepenumero
600 1919 664 1970 nec
684 1898 788 1970 durus
807 1895 844 1970 in
868 1899 938 1986 his,
964 1923 1028 1972 nec

60 1999 226 2072 vehemens
246 1997 435 2071 est·multis
456 1998 610 2099 profesio
632 1999 674 2071 de
693 1997 826 2086 caussis,
854 2001 908 2072 sed
928 2020 1026 2098 prae-

66 2100 146 2195 cipue
165 2118 262 2188 tum,
299 2127 379 2172 cum
408 2121 501 2200 part,
532 2125 635 2200 quam
662 2101 890 2174 inflammatio
917 2117 1027 2190 tenet,

65 2199 208 2294 sanguinis
224 2199 387 2276 tranfitui
402 2205 566 2296 magnum
586 2203 706 2299 objicit
726 2202 1026 2301 impedimentum,

59 2303 101 2372 vti
116 2307 247 2401 pulmo,
276 2325 354 2391 cor‘,
381 2306 507 2403 hepar3
532 2321 591 2377 aut
617 2331 697 2378 cum
719 2331 906 2378 neruorum
924 2303 1028 2402 spite«

55 2408 157 2478 maita
171 2403 343 2494 afficitur,
369 2421 408 2480 vt
425 2408 557 2480 summo
571 2407 698 2506 spasmo
716 2431 786 2495 cor,
812 2403 1025 2503 arteriaeque

54 2505 132 2603 quasi
151 2500 396 2595 suffocentur‚'
418 2524 478 2581 aut
501 2511 654 2582 resolutis
673 2512 781 2582 veluti
801 2508 930 2581 viribus
952 2525 1026 2581 tor«

52 2626 162 2704 peant:
188 2637 259 2708 quo
274 2613 311 2682 in
329 2611 405 2682 casu
420 2612 534 2710 pulsui
547 2613 642 2682 exilis
655 2627 691 2683 et
706 2614 835 2698 varius,
859 2625 895 2682 et
907 2610 1023 2698 febris,

52 2725 83 2779 et
104 2714 231 2810 reliqua
257 2710 491 2812 symptomata
521 2713 562 2786 ab
591 2713 872 2794 inflammationis
900 2727 1025 2784 nature

50 2816 183 2886 maxime
201 2813 357 2886 diffidere
374 2815 546 2887 videntur.
949 2823 953 2836 '

95 2917 177 2987 LIV.
198 2917 380 2988 Diuiditur
394 2943 529 3016 quoque
542 2915 773 2989 inflammatio
792 2919 829 2988 in
852 2917 1024 3011 benignam,

57 3025 91 3080 et
104 3019 282 3112 malignam
304 3021 341 3088 in
352 3017 571 3116 sporocsicom,
599 3034 638 3090 et
656 3021 866 3116 epidemicom,
890 3033 929 3088 vt
948 3017 1023 3116 ple*
1102 3075 1107 3082 ,

48 3115 147 3212 rique
164 3119 215 3190 aiii
233 3119 360 3192 morbi.
413 3121 560 3216 Benigno
581 3132 618 3192 e'a
639 3119 701 3207 est,
736 3145 822 3220 quae
842 3117 1022 3204 consuetis3
1064 3123 1067 3132 '

44 3232 79 3288 et
91 3223 235 3320 propriis
252 3221 675 3320 stipaturpbaenomenis,
702 3249 812 3320 neque
832 3223 920 3292 vires
943 3245 1021 3317 prn-

42 3315 172 3407 sternit,
199 3348 313 3419 neque
327 3324 417 3396 clam
432 3325 522 3394 vitae
537 3323 594 3406 sub
614 3325 753 3398 leuioris
775 3323 887 3398 morbi
912 3321 1028 3418 specie
1087 3313 1091 3332 '

42 3419 232 3512 jubebatur:
265 3427 402 3521 rnaligna
425 3443 562 3510 contra,
593 3451 679 3522 quae
703 3423 926 3522 benignitatis
949 3422 1023 3524 spe&
1072 3497 1076 3503 ,

42 3523 129 3596 ciem
145 3526 278 3612 induit,
303 3551 491 3623 quaecum
511 3529 656 3600 notabili
678 3529 804 3598 virium
823 3527 916 3624 lapsu
937 3549 1020 3596 oon·

40 3621 213 3717 jungitur,
255 3651 343 3722 quae
370 3650 441 3700 non
461 3632 586 3700 ¹omnia
612 3628 894 3700 inflammationis
928 3623 1022 3718 signa

43 3728 252 3818 praesefert
269 3745 372 3826 atque
385 3755 404 3800 a
418 3746 585 3828 venenata
605 3733 807 3830 plerumque
829 3723 938 3800 caussa
962 3727 1020 3798 des

49 3829 172 3922 pendet,
201 3847 264 3906 aut
278 3857 298 3904 a
313 3833 453 3932 putrida
464 3831 654 3932 ¹humorum
670 3825 811 3906 diatbefi
826 3829 1019 4002 ῐοιιεὲᾳτῆ.

262 3976 266 3998 ,
457 3961 459 3968 ·
919 3955 1021 4024 pora·

84 4079 117 4158 a)
147 4081 308 4170 malignam
336 4081 470 4168 cognosci
496 4084 584 4148 docet
612 4041 803 4182 nuperripiue'
820 4079 966 4180 selemim,
996 4067 1046 4156 fis

40 4161 126 4244 couffa
140 4171 257 4254 ignota,
282 4167 412 4280 stimuius
434 4167 577 4320 carlittus,D
593 4189 647 4334 {on
666 4169 817 4248 sustentat,
843 4161 1026 4332 ignoraspwfp
