2622 4914
244 337 789 412 counimaemsrrens.
922 344 1002 412 531·

16 511 98 572 que,
115 502 216 574 ,atque
235 495 268 554 in
284 513 387 558 earum
403 493 515 570 vascula
529 495 634 580 sponte
653 496 683 564 le
703 499 861 578 diffudisse,
884 505 995 570 eodem

16 593 184 641 nanneno
205 573 378 642 obseruante
398 578 456 662 (Pb
486 581 530 648 ‚t
547 581 639 644 XXV.
657 585 761 664 fests.
782 594 806 664 §.
822 585 924 669 XIL),
951 583 997 652 vi·'

15 655 61 720 sus
85 660 143 720 est.
184 663 281 728 Multo
302 661 415 725 sacilius
435 667 444 725 i
470 665 509 726 ud
530 663 595 728 lieri
615 663 696 748 poll'e
716 669 870 748 conjicies,
899 671 919 734 fi
942 673 992 734 ali·

15 743 101 821 quod
117 740 267 808 a'ccefferit
282 733 469 823 obstaculum,
489 769 549 830 quo
562 752 614 813 ille
628 753 765 828 reiluere,
783 772 815 816 et
827 751 918 818 nouas
931 759 991 820 vias

15 828 69 888 sibi
88 849 202 908 parare
216 846 347 914 cogatur,
389 832 492 894 Habes
508 835 598 915 igitur
615 833 844 913 probabiliorem
861 837 992 916 caussam,
1059 871 1073 916 ,·

14 932 68 972 cur
93 930 248 990 tumores,
280 913 503 997 congestiones,
531 915 727 1000 absceffusque
746 918 814 982 illos
833 943 995 1002 puerpera·

15 1017 106 1073 rum,
138 998 189 1078 qui
209 999 377 1062 cellularem
403 1001 510 1074 telam,
549 1003 600 1082 qui
621 1004 774 1086 glandulas
792 1007 993 1089 conglobatas,

15 1099 78 1142 tam
97 1083 248 1159 internas,
270 1103 358 1164 quam
371 1100 509 1146 externas
523 1082 610 1168 saepe
623 1107 695 1149 occu
719 1105 782 1160 unt,
806 1091 922 1170 quando
939 1091 992 1152 hu·

19 1185 140 1225 rnorem
163 1166 226 1227 latii
246 1161 370 1228 similem
397 1173 569 1244 continent,
604 1110 751 1254 scipulis,
786 1189 837 1236 aut
858 1170 992 1258 clty'losos
1099 1207 1101 1214 ·

19 1249 172 1314 vocandos
187 1251 299 1330 malins,
322 1270 411 1332 quam
426 1254 543 1318 lasleoa·

349 1365 382 1464 ᾗ.
435 1373 648 1446 CCCCLXV.

71 1499 229 1602 Superest
241 1500 391 1602 demum,
415 1517 454 1578 vt
465 1501 532 1574 duo
547 1501 717 1602 postrema
732 1505 792 1579 illa
801 1507 985 1598 'argumen
1013 1530 1157 1586 naamam.

15 1623 68 1691 ta,
97 1631 184 1703 quae
201 1603 301 1702 supra
314 1608 447 1702 quinto,
475 1603 1158 1699 esserto10c0(§.occctx1.)¹⁸rastcema
1280 1636 1290 1663 ,ι

16 1711 132 1781 allata
151 1707 245 1792 lunt,
287 1706 537 1806 aliquantulum
568 1712 794 1781 excutiantur.
868 1673 1157 1808 ltaqueilifslss

17 1809 116 1910 quod
130 1803 172 1879 de
181 1808 302 1880 luchiis
317 1829 475 1902 magnam
490 1823 624 1904 partem
637 1807 751 1882 laticis
765 1803 930 1898 asseritur,
950 1803 1124 1920 idpeffate,
1145 1829 1161 1872 f

16 1915 100 1986 sane
122 1909 286 1982 eiusmodi
308 1905 372 1996 est,
409 1911 608 1982 vtomnino
634 1912 749 2008 perse
770 1928 926 1998 corruat,
961 1889 1056 1988 fiune

17 2040 110 2114 quae
130 2027 252 2084 contra
270 2011 345 2082 vasa
361 2007 468 2084 lattea
484 2013 589 2096 vteri,
616 2029 676 2089 aut
697 2007 844 2086 lasteum
863 2013 987 2088 hutno-

17 2143 98 2190 rem
114 2113 156 2186 ad
171 2129 308 2185 uterum
321 2111 554 2184 confluentem
569 2113 827 2210 disputauirnus,
853 2140 1001 2198 memo,

18 2223 280 2308 riarteneantur.
324 2215 459 2286 Deinde
473 2215 747 2288 animaduertere
762 2231 911 2314 oportet,
927 2243 985 2292 co·

18 2323 133 2394 lorem
156 2317 324 2404 albidum,
355 2343 423 2414 quo
445 2317 619 2390 interdum
643 2316 756 2390 lochia
772 2315 802 2410 *)
829 2319 1005 2416 praedita'

16 2423 115 2506 lunt,
139 2415 284 2502 lasleam
300 2443 421 2508 eorum
440 2433 598 2492 naturam
618 2421 782 2496 nonsatis
798 2419 983 2502 ostendere.

15 2523 183 2599 Albicant
197 2523 301 2607 enim,
323 2521 376 2592 vel
392 2520 484 2618 quod
498 2521 582 2608 vala,
609 2522 698 2594 vnde
710 2507 835 2596 rubens
850 2524 984 2616 sanguis

13 2623 197 2708 effluebat,
223 2623 291 2718 jans
307 2624 465 2694 contrahi
480 2619 669 2719 incipiunt,
695 2638 732 2694 et
748 2620 892 2718 seruiunt
906 2641 984 2697 tan·
1107 2661 1109 2670 r
1180 2645 1187 2674 ¹

9 2725 222 2810 tummodo,
260 2724 581 2822 lymphaticumque
602 2725 785 2799 humorem
810 2726 984 2799 transmit·

7 2845 111 2914 tunt,
134 2820 294 2924 vel‘quod
307 2826 492 2926 purulenta
508 2827 652 2898 materia
667 2826 918 2910 decolorantur,
945 2841 985 2900 vt

7 2963 53 3006 ex
80 2931 232 3013 foetore,
266 2953 370 3026 quem
395 2943 473 2999 turn
498 2928 673 3013 exhalant,
711 2944 831 3026 aperte
858 2929 981 3023 liquet.

9 3027 165 3116 Quodsi
181 3053 286 3128 porro
302 3029 414 3102 lochia
431 3029 607 3100 interdum
624 3053 693 3101 non
711 3027 983 3127 supprimuntur,

12 3131 85 3208 nisi
100 3131 190 3206 febre
200 3131 269 3227 jam
282 3128 453 3230 proueila,
477 3131 592 3203 autad
607 3126 711 3202 firiem
725 3131 898 3216 tendente,
914 3133 982 3204 mi·

7 3259 101 3311 rum
115 3235 148 3306 id
166 3234 304 3332 quidem
317 3259 531 3330 nequaquam
547 3229 604 3303 est.
646 3238 742 3304 Nam
756 3258 826 3304 non
841 3256 983 3306 omnem

7 3339 167 3423 febrem,
199 3359 285 3432 quae
306 3360 491 3434 puerperas
513 3335 676 3434 corripit,
709 3359 747 3404 ex
763 3333 885 3406 luchiis
905 3333 983 3506 sup·

7 3437 150 3542 pressu,
175 3453 235 3508 aut
250 3436 426 3522 cohibitis,
452 3449 488 3508 et
509 3439 652 3508 retentis
667 3437 753 3507 oriri
777 3431 941 3506 necesses
970 3487 981 3520 ,
1019 3514 1022 3522 ι

7 3566 98 3616 cum
118 3539 327 3637 multiplices
342 3533 497 3638 profesio
516 3532 644 3611 caussae
664 3537 700 3608 lu
726 3525 863 3636 petant,
892 3535 984 3608 unde¹
1091 3556 1097 3568 ‘

7 3671 51 3716 ea
67 3641 217 3714 deriuari
231 3637 340 3738 polilt.
382 3641 514 3722 Mirum
528 3641 679 3737 potiuse
705 3665 724 3712 e
741 3639 852 3722 debet,
872 3635 984 3738 fluens

8 3745 109 3817 tibus
130 3743 251 3814 luchiis
271 3741 370 3829 albis,
401 3737 514 3826 idest,
537 3755 575 3812 vt
594 3739 789 3814 aduersariis
809 3737 982 3824 videntur,

9 3843 150 3930 laticis,
172 3843 303 3915 febrem
320 3845 416 3943 saepe
432 3842 559 3914 nedum
574 3835 711 3927 cessare,
737 3867 859 3914 verum
876 3843 986 3912 etiam

10 3949 112 4020 illico
129 3946 286 4032 excitari,
311 3956 452 4018 vterum‘
464 3957 609 4028 tumere,
637 3958 673 4014 et
686 3943 792 4030 tendi,
814 3968 853 4014 ex
866 3957 982 4015 reten·
1045 4009 1048 4018 ,

10 4063 51 4119 ta
71 4047 239 4122 nimirum
262 4043 365 4120 rubra
382 4046 553 4151 sanguinis
572 4058 689 4146 parte,
715 4067 780 4120 nec
802 4044 880 4122 satie
902 4067 983 4115 eua·
1032 4069 1034 4078 ’

509 4145 604 4221 [Ιά
837 4159 986 4238 ,οωιτεις
