2670 4896
880 361 931 434 73

77 527 171 596 nutu.
204 525 284 596 Pure
325 523 422 598 molli
459 519 681 600 fluiduatione
717 524 752 600 se
786 529 932 604 exterius

49 626 160 724 prodente,
193 617 365 700 semesum
388 625 572 728 suspebtae,
612 647 647 700 et
669 645 853 704 venenatae
880 633 933 706 in·

51 726 194 814 dolissnerit,
215 725 345 818 etiamso-
362 755 433 801 non
453 727 602 830 persedde
625 734 849 816 maturuerit,
875 757 933 830 pa·

54 829 122 899 nands
138 831 160 900 ei
178 831 270 902 esitus
299 828 347 902 est
372 833 457 918 cita,
494 847 530 904 et
554 833 630 904 satis
656 835 725 906 alta
753 832 932 923 iucisrooe;

53 945 129 1014 orta,
146 927 161 1000 s
177 930 329 1026 benignae
348 948 491 1032 naturae
516 937 684 1020 extiterit,
716 949 751 1006 et
774 960 866 1032 pore,
894 939 932 1011 iu

46 1031 322 1126 poposconficitur,
349 1037 554 1123 consentiat,
587 1033 800 1134 exspebinnda
820 1040 931 1110 omni·

45 1153 73 1200 no
90 1131 137 1226 e'pns
151 1138 303 1208 namatio
327 1135 391 1224 est,
426 1154 610 1237 antequam
633 1136 780 1212 sessione
803 1143 930 1236 aperia-

48 1245 86 1301 tu
100 1231 205 1308 abseesu
252 1246 320 1326 At,
341 1238 401 1312 ubi
420 1238 618 1340 suppuratio
638 1243 803 1316 interiora
830 1266 930 1312 occu·
962 1271 964 1278 ·

51 1345 99 1426 P²b
117 1337 247 1412 resecari
270 1342 389 1417 locum
413 1343 555 1442 impune
576 1345 674 1430 sicet,
708 1367 790 1442 pus,
822 1341 932 1440 quoad

49 1427 93 1504 sen'
105 1436 186 1532 potest,
215 1442 254 1514 ad
275 1446 357 1517 alias
384 1445 473 1531 vias,
506 1445 628 1544 quibus
654 1447 788 1516 excerni
817 1460 930 1544 queat,

47 1533 153 1626 diiigenter
173 1545 413 1640 proficiendum
437 1544 500 1632 est,
535 1547 659 1622 additis
683 1547 815 1645 semper
842 1549 930 1622 anti·
1033 1615 1035 1620 .

45 1632 122 1730 septicis
135 1645 278 1736 remediis,
305 1663 346 1719 vt
367 1647 550 1746 purulenta
572 1651 795 1746 cacochymia
818 1674 930 1721 arcea-

45 1747 81 1804 tor.
121 1745 164 1816 Sed
186 1773 295 1822 rerum
329 1764 407 1824 tum
436 1747 500 1842 est,
546 1777 622 1825 rem
655 1750 698 1824 ad
729 1749 950 1851 prosperum·

45 1831 101 1912 been
109 1846 222 1942 perduci.

70 2043 172 2122 tum,
202 2055 233 2125 Si
255 2073 340 2127 vero
364 2079 403 2146 err
425 2051 543 2140 dolore
566 2052 802 2139 euanesceote,
833 2051 932 2150 pulsu

45 2159 118 2255 sifus,
131 2149 286 2252 inaequali,
320 2157 537 2256 phlegmonis
559 2157 673 2230 calore
694 2157 732 2226 in
754 2153 930 2252 pallidum,

44 2237 137 2335 bordon,
164 2273 214 2330 aut
238 2261 466 2351 nigricantem
496 2273 649 2345 mutato,
685 2255 813 2328 viribus
845 2254 930 2328 res·

44 2336 97 2430 sutis,
118 2361 239 2432 extremis
261 2356 465 2452 frigentes,
496 2361 596 2432 vultu
615 2375 725 2446 tetro,
760 2373 795 2431 et
819 2357 931 2458 plum·

44 2435 87 2530 bes,
106 2459 253 2558 mentisque
279 2461 482 2558 subobscura
503 2463 763 2561 perturbatione
785 2459 826 2532 ad
849 2484 930 2552 gan·

44 2561 269 2654 trteoenvergere
292 2563 423 2636 malum
442 2562 676 2660 dignoscatur,
706 2561 746 2632 ad
768 2562 929 2646 cardiaca,

44 2657 100 2736 nque
110 2661 266 2762 tntiseptice
282 2659 489 2752 valentiora,
515 2669 552 2764 in
565 2667 685 2763 primis
701 2662 743 2742 ad
765 2665 932 2736 corticem

44 2755 199 2852 semborum,
217 2769 469 2866 'camphoram
503 2767 745 2864 serpentariam
771 2766 931 2858 virginia-

44 2865 101 2932 ΜΠ,
117 2866 235 2964 tmipem,
261 2870 443 2955 scordium,
470 2863 573 2943 flores
590 2865 824 2952 chamaemeli,
850 2865 930 2934 alia-

46 2951 160 3052 qutbuios
178 2972 285 3044 census
314 2972 569 3070 properandum
602 2967 666 3054 est,
708 2993 778 3039 non
806 2963 931 3038 omissis
989 2977 992 2984 '

44 3055 130 3128 nterim
141 3064 178 3155 iis,
195 3099 279 3170 quae
298 3097 338 3143 ex
359 3073 555 3168 chirurgico
573 3071 672 3146 sonte
688 3071 762 3170 peti
783 3064 932 3168 possunt,

44 3139 54 3154 ἢ
102 3158 107 3170 Ι

44 3148 107 3226 bsocr
120 3172 237 3248 conditio
255 3177 357 3250 serat·

66 3354 185 3472 LXXVIII·
213 3381 365 3450 Demeam
390 3372 415 3446 sn
444 3377 482 3448 in
509 3377 676 3450 seirrhum
702 3371 931 3448 inflammatio

44 3467 181 3572 tesinimur,
205 3481 297 3576 quod
316 3477 417 3552 sicile
441 3475 536 3550 tastu
556 3481 744 3569 detegitur,
774 3491 834 3572 aut
854 3474 933 3546 fun·

44 3542 140 3638 bonrbtn
157 3575 187 3649 in
206 3581 379 3674 integrum
402 3603 472 3652 non
496 3580 717 3652 redeuntibus
739 3576 933 3661 innotescit,

44 3648 129 3763 disere
145 3677 178 3750 ad
196 3682 464 3781 desperationem
485 3707 538 3754 res
562 3683 776 3780 peruenerit,
803 3673 934 3750 mitissi·
957 3717 960 3726 =

44 3769 174 3864 stenen,
198 3798 232 3858 et
247 3783 346 3858 simul
368 3779 602 3856 efficaciffimis
625 3779 853 3867 soluentibus,
886 3777 933 3850 sa·
978 3831 981 3846 ,

44 3868 237 3972 poneridedcet,
262 3890 400 3974 cicuta,
417 3886 550 3980 gummi
566 3883 759 3971 serulaceis‚
781 3884 853 3956 imo
869 3881 934 3979 hy·

44 3946 139 4062 bargy„
150 3979 213 4078 tjue
222 3987 438 4076 curationem
454 4002 589 4064 tentare
604 4011 676 4060 nen
690 3988 756 4060 erit
773 3985 934 4068 alienum,

217 4100 222 4113 “
442 4093 515 4178 Ες
632 4169 649 4178 ,κ
889 4107 934 4156 ne
