2578 4904
158 363 698 458 rrrnnnrnsurnvs.
853 383 935 470 αις

128 559 342 662 ·Coussor
378 536 417 636 et
464 564 753 662 Symptomota.

308 687 342 785 p.
402 693 597 764 caxxvn.

56 805 169 900 caussae,
196 827 234 886 et
251 813 487 914 symptomata
501 839 570 886 non
581 812 747 888 differunt
759 843 927 912 regenerat

27 909 77 981 sius
94 913 141 1001 iis,
173 941 266 1016 quae
292 915 333 988 de
353 918 663 990 intermittentibus
679 917 859 992 uniuersm
875 921 926 992 lo·

25 1031 118 1105 quantes
136 1021 432 1090 enumereuimus.
509 1023 691 1118 speciatim
711 1019 842 1093 veroin
861 1023 928 1095 hac

23 1111 93 1204 sagus
109 1131 207 1190 tenue
230 1117 297 1207 est,
324 1135 362 1192 ut
384 1145 522 1204 Jooocr
546 1147 683 1220 ponam
705 1122 814 1196 verbis
828 1137 926 1212 vtar;

27 1239 108 1313 nempe
122 1216 186 1291 sine
205 1223 338 1318 rigore,
357 1238 417 1294 aut
436 1225 555 1315 exiguo
566 1239 703 1296 tantum
718 1225 862 1298 horrore
875 1227 929 1298 in·

31 1319 96 1412 cipit
111 1325 196 1396 calor
213 1325 364 1418 segnius,
382 1341 419 1396 et
435 1329 541 1418 magis
555 1327 783 1422 inaequaliter
798 1327 829 1400 se
837 1326 894 1398 exs
908 1367 924 1386 ·

29 1419 62 1500 iit,
72 1437 95 1490 et
103 1426 227 1514 mitior,
247 1427 492 1525 humidiorque
508 1443 659 1526 apparet,
676 1429 756 1500 iicet
773 1430 925 1524 aliquam

26 1525 197 1599 acrimoniam
232 1533 355 1612 manui
380 1532 537 1621 tangenti
559 1529 723 1624 exhibeat.
778 1532 923 1607 Febrilis
1080 1539 1099 1596 ἶ

23 1629 315 1728 nonsplerumque
332 1632 427 1703 serito
442 1627 534 1729 passu
550 1633 787 1730 progreditur3
828 1631 927 1732 saepe.
1092 1620 1099 1650 ⁸

20 1721 335 1818 adhorasottodecim
350 1750 385 1808 et
400 1735 489 1804 vltra
499 1735 724 1832 protrahitur,
739 1751 925 1834 antequam
1035 1823 1038 1830 ,
1140 1809 1142 1816 ,

20 1821 113 1898 desinat.
163 1835 204 1908 Id
219 1861 306 1908 vero
323 1861 554 1932 nequaquam,
575 1851 614 1906 vt
629 1854 846 1934 perpetuum,
869 1863 925 1912 ac·
1023 1840 1039 1856 ’“
1069 1855 1104 1870 ··

20 1927 168 2022 cipidebet3
186 1963 273 2010 nam
287 1936 414 2010 exstant
431 1937 521 2036 apud
529 1938 668 2009 clinicos
678 1941 828 2037 exempla
837 1965 922 2036 quo·

24 2027 202 2126 tisianarum,
229 2065 318 2138 quae
332 2039 533 2110 breuissimis
549 2040 749 2111 circuitibus
764 2043 920 2112 contine·
1040 2045 1048 2066 ‘

27 2124 114 2206 bantur.
162 2142 408 2236 Phlegmatici,
430 2138 647 2240 tumidiores,
674 2143 920 2238 cacochymici,
1038 2220 1041 2229 s

29 2239 96 2322 puri,
118 2239 291 2316 foeminae
312 2243 525 2340 frequentius
546 2245 583 2318 in
602 2269 680 2315 eam
700 2244 849 2314 incidere
868 2245 921 2314 di·
996 2277 999 2286 ¹

25 2353 120 2426 natur,
159 2345 363 2447 praesertim
390 2347 600 2429 autumnali,
636 2361 741 2444 atque
764 2345 933 2442 hyberno‘

24 2445 141 2536 tenpore,
167 2465 232 2521 aut
246 2445 446 2546 tempestate
462 2447 696 2547 praehumida.
727 2451 853 2545 Neque
867 2473 921 2519 ra·

24 2557 72 2607 run
82 2543 126 2634 est,
152 2550 391 2650 quotidianam
405 2549 446 2621 ab
461 2550 533 2621 aliis
548 2551 919 2642 intermittentium'ge·

25 2641 117 2718 neribus
129 2673 190 2748 per
204 2651 438 2724 successionem
458 2668 494 2724 et
530 2653 690 2724 uamdam
705 2651 921 2749 periodimu·

27 2743 145 2824 tationem
160 2757 323 2829 deriuari.
362 2753 484 2841 Sudor,
507 2679 697 2850 iisegitimo,
718 2769 754 2824 et
768 2752 922 2854 exquisito
1039 2793 1048 2816 ·

31 2835 102 2933 istit,
127 2857 208 2928 licet
230 2879 301 2927 non
328 2857 484 2942 multus,=⁴
506 2881 546 2926 ea
577 2871 695 2926 tamen
720 2857 922 2926 remittente

35 2955 147 3046 canpe„
171 2958 286 3034 nulius
301 2983 392 3039 vero,
407 2971 467 3029 aut
479 2956 589 3032 serme
604 2957 727 3039 nullus,
752 2952 776 3025 fi
796 2955 918 3048 spineto,

35 3053 137 3130 cannata
190 3061 301 3132 Vrina
322 3061 452 3156 pariter
472 3055 547 3158 post
568 3057 795 3131 remissionem
809 3060 845 3128 in
860 3056 921 3130 iila

29 3150 106 3235 sf⁰dit
119 3185 241 3258 pauca,
270 3159 467 3256 subjugalis,
501 3161 669 3247 lateritia3
700 3163 737 3231 iia
761 3161 825 3236 hac
839 3181 922 3232 vero

27 3249 110 3346 nasta,
131 3261 222 3352 alba,
249 3265 365 3338 tenuis
381 3275 417 3333 et
433 3263 576 3340 minime
586 3259 768 3340 subfidem.
836 3291 839 3302 ·

225 3421 238 3450 ··
302 3386 335 3485 §.
386 3393 594 3462 CXXXVIII.
1111 3447 1173 3490 ,-.

59 3505 92 3580 Ad
104 3511 219 3610 spurias
234 3517 272 3588 in
286 3515 408 3614 primis
423 3511 571 3613 spesiare
586 3513 745 3610 videntur
755 3481 1078 3640 Quotidie-m&

26 3607 262 3709 “attenderim
304 3633 341 3690 et
348 3617 625 3714 symptomoticoe,
650 3641 746 3714 quae
760 3613 903 3710 frequen
921 3658 977 3697 aas.
1139 3615 1142 3636 '

29 3701 121 3788 ilsimae
133 3722 290 3792 omnium
304 3719 445 3808 clinicos
461 3738 629 3791 exercent.
651 3723 790 3790 Hatram
797 3713 920 3822 duplex

30 3817 93 3884 araus
110 3820 265 3903 constitui
290 3817 419 3919 potest,
450 3823 614 3927 alterum?
647 3817 739 3918 quod
761 3813 920 3922 amoabo

29 3911 100 3988 toton
113 3949 232 4021 corpus
239 3921 422 4010 afficiente,
438 3923 595 4010 alterum,
611 3921 704 4020 quod
719 3921 761 4016 ab
776 3919 919 4014 alicujus
957 3925 977 3954 ’·

26 4011 234 4123 *rumpentis
253 4027 338 4116 vitio
358 4022 409 4101 fit.
432 4024 564 4116 ,Morbi
577 4041 693 4098 totum
705 4048 829 4123 corpus
845 4015 918 4092 affi-

26 4123 112 4196 iactes
133 4115 725 4230 speciatunffifunthypochundtiacn
738 4122 918 4298 bipedis&

332 4235 336 4246 '
471 4233 550 4318 03
797 4251 856 4298 cor
880 4245 920 4296 u·
979 4277 982 4285 «
