<?xml version="1.0" encoding="UTF-8"?>
<!DOCTYPE html PUBLIC "-//W3C//DTD XHTML 1.0 Transitional//EN"
    "http://www.w3.org/TR/xhtml1/DTD/xhtml1-transitional.dtd">
<html xmlns="http://www.w3.org/1999/xhtml" xml:lang="en" lang="en">
 <head>
  <title>
</title>
<meta http-equiv="Content-Type" content="text/html;charset=utf-8" />
  <meta name='ocr-system' content='tesseract 3.04.00' />
  <meta name='ocr-capabilities' content='ocr_page ocr_carea ocr_par ocr_line ocrx_word'/>
</head>
<body>
  <div class='ocr_page' id='page_1' title='image "./institutionumme00kanigoog_0121.png"; bbox 0 0 2670 4896; ppageno 0'>
   <div class='ocr_carea' id='block_1_1' title="bbox 310 291 955 382">
    <p class='ocr_par' dir='ltr' id='par_1_1' title="bbox 310 291 955 382">
     <span class='ocr_line' id='line_1_1' title="bbox 310 291 955 382; baseline 0.003 -22"><span class='ocrx_word' id='word_1_1' title='bbox 310 306 357 382; x_wconf 73' lang='lat'><strong>98</strong></span> <span class='ocrx_word' id='word_1_2' title='bbox 487 325 520 352; x_wconf 43' lang='grc' dir='ltr'><strong>ν,</strong></span> <span class='ocrx_word' id='word_1_3' title='bbox 683 291 955 379; x_wconf 56' lang='grc' dir='ltr'><strong>»3,1εειρἶ</strong></span> 
     </span>
    </p>
   </div>
   <div class='ocr_carea' id='block_1_2' title="bbox 309 454 1331 578">
    <p class='ocr_par' dir='ltr' id='par_1_2' title="bbox 309 454 1331 578">
     <span class='ocr_line' id='line_1_2' title="bbox 309 454 1331 578; baseline 0 -26"><span class='ocrx_word' id='word_1_4' title='bbox 309 454 596 578; x_wconf 80' lang='lat' dir='ltr'><strong>procrearentur3</strong></span> <span class='ocrx_word' id='word_1_5' title='bbox 620 473 706 548; x_wconf 88' lang='lat' dir='ltr'><strong>illud</strong></span> <span class='ocrx_word' id='word_1_6' title='bbox 722 477 826 548; x_wconf 87' lang='lat' dir='ltr'><strong>etiam</strong></span> <span class='ocrx_word' id='word_1_7' title='bbox 849 487 944 548; x_wconf 88' lang='lat' dir='ltr'><strong>certe</strong></span> <span class='ocrx_word' id='word_1_8' title='bbox 962 475 1176 572; x_wconf 84' lang='lat' dir='ltr'><strong>sequeretur,</strong></span> <span class='ocrx_word' id='word_1_9' title='bbox 1202 477 1331 553; x_wconf 80' lang='lat' dir='ltr'><strong>v-t&#39;in</strong></span> 
     </span>
    </p>
   </div>
   <div class='ocr_carea' id='block_1_3' title="bbox 90 575 1333 4220">
    <p class='ocr_par' dir='ltr' id='par_1_3' title="bbox 307 575 1326 983">
     <span class='ocr_line' id='line_1_3' title="bbox 309 575 1326 676; baseline 0.001 -25"><span class='ocrx_word' id='word_1_10' title='bbox 309 579 440 672; x_wconf 77' lang='lat' dir='ltr'><strong>morbis</strong></span> <span class='ocrx_word' id='word_1_11' title='bbox 469 576 628 668; x_wconf 82' lang='lat' dir='ltr'><strong>omnibus</strong></span> <span class='ocrx_word' id='word_1_12' title='bbox 653 578 869 676; x_wconf 79' lang='lat' dir='ltr'>paralyticis,</span> <span class='ocrx_word' id='word_1_13' title='bbox 900 578 938 646; x_wconf 94' lang='lat' dir='ltr'><strong>in</strong></span> <span class='ocrx_word' id='word_1_14' title='bbox 962 575 1083 672; x_wconf 90' lang='lat' dir='ltr'><strong>quibus</strong></span> <span class='ocrx_word' id='word_1_15' title='bbox 1108 575 1150 649; x_wconf 88' lang='lat' dir='ltr'><strong>de</strong></span> <span class='ocrx_word' id='word_1_16' title='bbox 1177 577 1326 674; x_wconf 82' lang='lat' dir='ltr'><strong>hujus-</strong></span> 
     </span>
     <span class='ocr_line' id='line_1_4' title="bbox 307 675 1326 776; baseline -0.002 -22"><span class='ocrx_word' id='word_1_17' title='bbox 307 680 405 759; x_wconf 84' lang='lat' dir='ltr'>modi</span> <span class='ocrx_word' id='word_1_18' title='bbox 427 679 544 756; x_wconf 77' lang='lat' dir='ltr'><strong>atonia</strong></span> <span class='ocrx_word' id='word_1_19' title='bbox 557 677 709 752; x_wconf 84' lang='lat' dir='ltr'><strong>dubitari</strong></span> <span class='ocrx_word' id='word_1_20' title='bbox 730 681 869 776; x_wconf 80' lang='lat' dir='ltr'><strong>nequit,</strong></span> <span class='ocrx_word' id='word_1_21' title='bbox 895 675 1001 748; x_wconf 86' lang='lat' dir='ltr'><strong>febris</strong></span> <span class='ocrx_word' id='word_1_22' title='bbox 1021 677 1134 750; x_wconf 89' lang='lat' dir='ltr'><strong>multo</strong></span> <span class='ocrx_word' id='word_1_23' title='bbox 1152 684 1326 770; x_wconf 89' lang='lat' dir='ltr'><strong>certius,</strong></span> 
     </span>
     <span class='ocr_line' id='line_1_5' title="bbox 309 771 1324 878; baseline 0.003 -25"><span class='ocrx_word' id='word_1_24' title='bbox 309 771 345 853; x_wconf 84' lang='lat' dir='ltr'><strong>et</strong></span> <span class='ocrx_word' id='word_1_25' title='bbox 369 781 582 878; x_wconf 79' lang='lat' dir='ltr'><strong>frequentius</strong></span> <span class='ocrx_word' id='word_1_26' title='bbox 607 779 795 852; x_wconf 81' lang='lat' dir='ltr'><strong>accederet.</strong></span> <span class='ocrx_word' id='word_1_27' title='bbox 849 783 918 850; x_wconf 94' lang='lat' dir='ltr'><strong>Cur</strong></span> <span class='ocrx_word' id='word_1_28' title='bbox 942 804 1025 850; x_wconf 91' lang='lat' dir='ltr'><strong>vero</strong></span> <span class='ocrx_word' id='word_1_29' title='bbox 1046 781 1085 850; x_wconf 89' lang='lat' dir='ltr'><strong>in</strong></span> <span class='ocrx_word' id='word_1_30' title='bbox 1104 782 1324 877; x_wconf 79' lang='lat' dir='ltr'><strong>apoplexia,</strong></span> 
     </span>
     <span class='ocr_line' id='line_1_6' title="bbox 307 877 1325 983; baseline -0.002 -25"><span class='ocrx_word' id='word_1_31' title='bbox 307 887 346 958; x_wconf 89' lang='lat' dir='ltr'><strong>in</strong></span> <span class='ocrx_word' id='word_1_32' title='bbox 364 883 590 983; x_wconf 81' lang='lat' dir='ltr'><strong>hemiplegia,</strong></span> <span class='ocrx_word' id='word_1_33' title='bbox 612 878 775 978; x_wconf 78' lang='lat' dir='ltr'><strong>paralysi,</strong></span> <span class='ocrx_word' id='word_1_34' title='bbox 797 881 915 952; x_wconf 84' lang='lat' dir='ltr'><strong>saltem</strong></span> <span class='ocrx_word' id='word_1_35' title='bbox 931 881 968 952; x_wconf 94' lang='lat' dir='ltr'><strong>in</strong></span> <span class='ocrx_word' id='word_1_36' title='bbox 986 877 1149 955; x_wconf 86' lang='lat' dir='ltr'><strong>membris</strong></span> <span class='ocrx_word' id='word_1_37' title='bbox 1165 883 1325 956; x_wconf 84' lang='lat' dir='ltr'><strong>resolu-</strong></span> 
     </span>
    </p>

    <p class='ocr_par' dir='ltr' id='par_1_4' title="bbox 181 976 1321 1081">
     <span class='ocr_line' id='line_1_7' title="bbox 181 976 1321 1081; baseline -0.001 -23"><span class='ocrx_word' id='word_1_38' title='bbox 181 1027 183 1036; x_wconf 70' lang='lat'><em>,</em></span> <span class='ocrx_word' id='word_1_39' title='bbox 258 1055 262 1066; x_wconf 91' lang='grc'><em>,</em></span> <span class='ocrx_word' id='word_1_40' title='bbox 302 983 364 1071; x_wconf 79' lang='lat' dir='ltr'><strong>tis,</strong></span> <span class='ocrx_word' id='word_1_41' title='bbox 391 985 427 1059; x_wconf 86' lang='lat' dir='ltr'><strong>in</strong></span> <span class='ocrx_word' id='word_1_42' title='bbox 443 976 567 1081; x_wconf 80' lang='lat' dir='ltr'><strong>quibus</strong></span> <span class='ocrx_word' id='word_1_43' title='bbox 582 985 654 1058; x_wconf 85' lang='lat' dir='ltr'><strong>vim</strong></span> <span class='ocrx_word' id='word_1_44' title='bbox 668 1007 830 1058; x_wconf 86' lang='lat' dir='ltr'><strong>nerueanr</strong></span> <span class='ocrx_word' id='word_1_45' title='bbox 847 983 1008 1072; x_wconf 81' lang='lat' dir='ltr'><strong>languere</strong></span> <span class='ocrx_word' id='word_1_46' title='bbox 1024 1007 1127 1054; x_wconf 91' lang='lat' dir='ltr'><strong>nemo</strong></span> <span class='ocrx_word' id='word_1_47' title='bbox 1142 984 1321 1078; x_wconf 82' lang='lat' dir='ltr'>ignorat,</span> 
     </span>
    </p>

    <p class='ocr_par' dir='ltr' id='par_1_5' title="bbox 275 1082 1317 1182">
     <span class='ocr_line' id='line_1_8' title="bbox 275 1082 1317 1182; baseline -0.006 -19"><span class='ocrx_word' id='word_1_48' title='bbox 275 1110 278 1118; x_wconf 86' lang='grc'><em>’</em></span> <span class='ocrx_word' id='word_1_49' title='bbox 308 1087 394 1163; x_wconf 83' lang='lat' dir='ltr'><strong>adeo</strong></span> <span class='ocrx_word' id='word_1_50' title='bbox 415 1089 492 1182; x_wconf 68' lang='lat' dir='ltr'><strong>raro</strong></span> <span class='ocrx_word' id='word_1_51' title='bbox 511 1082 616 1156; x_wconf 88' lang='lat' dir='ltr'><strong>febris</strong></span> <span class='ocrx_word' id='word_1_52' title='bbox 639 1083 860 1156; x_wconf 80' lang='lat' dir='ltr'><strong>obseruator?</strong></span> <span class='ocrx_word' id='word_1_53' title='bbox 889 1087 1066 1154; x_wconf 88' lang='lat' dir='ltr'><strong>Praeterea</strong></span> <span class='ocrx_word' id='word_1_54' title='bbox 1086 1099 1208 1156; x_wconf 89' lang='lat' dir='ltr'><strong>notum</strong></span> <span class='ocrx_word' id='word_1_55' title='bbox 1238 1086 1317 1174; x_wconf 88' lang='lat' dir='ltr'><strong>est,</strong></span> 
     </span>
    </p>

    <p class='ocr_par' dir='ltr' id='par_1_6' title="bbox 148 1183 1316 1389">
     <span class='ocr_line' id='line_1_9' title="bbox 148 1183 1316 1282; baseline 0.003 -26"><span class='ocrx_word' id='word_1_56' title='bbox 148 1245 156 1256; x_wconf 93' lang='lat'><strong>.</strong></span> <span class='ocrx_word' id='word_1_57' title='bbox 253 1231 255 1236; x_wconf 67' lang='lat'><strong>,</strong></span> <span class='ocrx_word' id='word_1_58' title='bbox 306 1215 379 1274; x_wconf 81' lang='lat' dir='ltr'><strong>non</strong></span> <span class='ocrx_word' id='word_1_59' title='bbox 393 1183 635 1270; x_wconf 79' lang='lat' dir='ltr'><strong>onmesfebres</strong></span> <span class='ocrx_word' id='word_1_60' title='bbox 655 1183 818 1278; x_wconf 84' lang='lat' dir='ltr'><strong>afrigore</strong></span> <span class='ocrx_word' id='word_1_61' title='bbox 831 1185 995 1282; x_wconf 84' lang='lat' dir='ltr'><strong>incipere.</strong></span> <span class='ocrx_word' id='word_1_62' title='bbox 1047 1191 1087 1256; x_wconf 91' lang='lat' dir='ltr'><strong>ln</strong></span> <span class='ocrx_word' id='word_1_63' title='bbox 1107 1188 1148 1256; x_wconf 90' lang='lat' dir='ltr'><strong>iis</strong></span> <span class='ocrx_word' id='word_1_64' title='bbox 1170 1189 1316 1280; x_wconf 86' lang='lat' dir='ltr'><strong>igitur,</strong></span> 
     </span>
     <span class='ocr_line' id='line_1_10' title="bbox 306 1277 1316 1389; baseline -0.002 -27"><span class='ocrx_word' id='word_1_65' title='bbox 306 1315 395 1389; x_wconf 70' lang='lat' dir='ltr'><strong>guae</strong></span> <span class='ocrx_word' id='word_1_66' title='bbox 408 1285 478 1362; x_wconf 82' lang='lat' dir='ltr'><strong>fine</strong></span> <span class='ocrx_word' id='word_1_67' title='bbox 491 1285 620 1379; x_wconf 86' lang='lat' dir='ltr'><strong>frigore</strong></span> <span class='ocrx_word' id='word_1_68' title='bbox 634 1284 822 1374; x_wconf 87' lang='lat' dir='ltr'><strong>inuadunt,</strong></span> <span class='ocrx_word' id='word_1_69' title='bbox 841 1285 968 1358; x_wconf 66' lang='lat' dir='ltr'><strong>“deerit</strong></span> <span class='ocrx_word' id='word_1_70' title='bbox 988 1277 1096 1358; x_wconf 81' lang='lat' dir='ltr'><strong>cauffo</strong></span> <span class='ocrx_word' id='word_1_71' title='bbox 1113 1289 1316 1380; x_wconf 85' lang='lat' dir='ltr'><strong>primaria,</strong></span> 
     </span>
    </p>

    <p class='ocr_par' dir='ltr' id='par_1_7' title="bbox 307 1387 1315 1488">
     <span class='ocr_line' id='line_1_11' title="bbox 307 1387 1315 1488; baseline 0.002 -26"><span class='ocrx_word' id='word_1_72' title='bbox 307 1417 419 1488; x_wconf 73' lang='lat' dir='ltr'><strong>aqua,</strong></span> <span class='ocrx_word' id='word_1_73' title='bbox 445 1387 630 1463; x_wconf 85' lang='lat' dir='ltr'><strong>secundum</strong></span> <span class='ocrx_word' id='word_1_74' title='bbox 644 1413 888 1473; x_wconf 78' lang='lat' dir='ltr'><strong>cvatsmvn,</strong></span> <span class='ocrx_word' id='word_1_75' title='bbox 915 1387 1037 1474; x_wconf 92' lang='lat' dir='ltr'><strong>cordis,</strong></span> <span class='ocrx_word' id='word_1_76' title='bbox 1069 1391 1315 1464; x_wconf 83' lang='lat' dir='ltr'><strong>arteriarum-</strong></span> 
     </span>
    </p>

    <p class='ocr_par' dir='ltr' id='par_1_8' title="bbox 305 1485 1317 1590">
     <span class='ocr_line' id='line_1_12' title="bbox 305 1485 1317 1590; baseline 0 -24"><span class='ocrx_word' id='word_1_77' title='bbox 305 1519 374 1590; x_wconf 87' lang='lat' dir='ltr'><strong>que</strong></span> <span class='ocrx_word' id='word_1_78' title='bbox 388 1488 475 1574; x_wconf 70' lang='lat' dir='ltr'><strong>allio</strong></span> <span class='ocrx_word' id='word_1_79' title='bbox 488 1489 752 1582; x_wconf 82' lang='lat' dir='ltr'><strong>redintegratur,</strong></span> <span class='ocrx_word' id='word_1_80' title='bbox 770 1505 807 1560; x_wconf 90' lang='lat' dir='ltr'><strong>et</strong></span> <span class='ocrx_word' id='word_1_81' title='bbox 818 1485 922 1560; x_wconf 87' lang='lat' dir='ltr'><strong>febris</strong></span> <span class='ocrx_word' id='word_1_82' title='bbox 939 1489 1147 1562; x_wconf 81' lang='lat' dir='ltr'><strong>accenditur.</strong></span> <span class='ocrx_word' id='word_1_83' title='bbox 1177 1495 1317 1574; x_wconf 73' lang='lat' dir='ltr'><strong>Quae⁴</strong></span> 
     </span>
    </p>

    <p class='ocr_par' dir='ltr' id='par_1_9' title="bbox 304 1587 1314 1688">
     <span class='ocr_line' id='line_1_13' title="bbox 304 1587 1314 1688; baseline 0 -22"><span class='ocrx_word' id='word_1_84' title='bbox 304 1619 388 1669; x_wconf 84' lang='lat' dir='ltr'><strong>narn</strong></span> <span class='ocrx_word' id='word_1_85' title='bbox 414 1592 592 1686; x_wconf 17' lang='lat' dir='ltr'><strong>ergoperit</strong></span> <span class='ocrx_word' id='word_1_86' title='bbox 620 1587 759 1662; x_wconf 89' lang='lat' dir='ltr'><strong>illarum</strong></span> <span class='ocrx_word' id='word_1_87' title='bbox 784 1592 938 1688; x_wconf 79' lang='lat' dir='ltr'><strong>proxima</strong></span> <span class='ocrx_word' id='word_1_88' title='bbox 967 1587 1103 1662; x_wconf 75' lang='lat' dir='ltr'><strong>caulla?</strong></span> <span class='ocrx_word' id='word_1_89' title='bbox 1135 1598 1314 1672; x_wconf 87' lang='lat' dir='ltr'><strong>Demum</strong></span> 
     </span>
    </p>

    <p class='ocr_par' dir='ltr' id='par_1_10' title="bbox 300 1693 1311 1994">
     <span class='ocr_line' id='line_1_14' title="bbox 305 1693 1311 1792; baseline 0.005 -27"><span class='ocrx_word' id='word_1_90' title='bbox 305 1719 425 1776; x_wconf 86' lang='lat' dir='ltr'><strong>earum</strong></span> <span class='ocrx_word' id='word_1_91' title='bbox 456 1710 573 1792; x_wconf 75' lang='lat' dir='ltr'><strong>ortum</strong></span> <span class='ocrx_word' id='word_1_92' title='bbox 601 1694 747 1790; x_wconf 76' lang='lat' dir='ltr'><strong>explicet</strong></span> <span class='ocrx_word' id='word_1_93' title='bbox 773 1693 878 1788; x_wconf 83' lang='lat' dir='ltr'><strong>velim</strong></span> <span class='ocrx_word' id='word_1_94' title='bbox 904 1695 1221 1767; x_wconf 87' lang='lat' dir='ltr'><strong>intermittentium</strong></span> <span class='ocrx_word' id='word_1_95' title='bbox 1252 1699 1311 1770; x_wconf 89' lang='lat' dir='ltr'><strong>fe·</strong></span> 
     </span>
     <span class='ocr_line' id='line_1_15' title="bbox 300 1779 1308 1892; baseline 0.005 -24"><span class='ocrx_word' id='word_1_96' title='bbox 300 1779 434 1882; x_wconf 89' lang='lat' dir='ltr'><strong>brium,</strong></span> <span class='ocrx_word' id='word_1_97' title='bbox 477 1819 622 1892; x_wconf 85' lang='lat' dir='ltr'><strong>quarum</strong></span> <span class='ocrx_word' id='word_1_98' title='bbox 648 1791 797 1887; x_wconf 81' lang='lat' dir='ltr'><strong>fingulae</strong></span> <span class='ocrx_word' id='word_1_99' title='bbox 827 1791 1045 1884; x_wconf 84' lang='lat' dir='ltr'><strong>accelliones,</strong></span> <span class='ocrx_word' id='word_1_100' title='bbox 1083 1795 1177 1892; x_wconf 90' lang='lat' dir='ltr'><strong>quod</strong></span> <span class='ocrx_word' id='word_1_101' title='bbox 1201 1799 1308 1884; x_wconf 62' lang='lat' dir='ltr'><strong>‚alibi</strong></span> 
     </span>
     <span class='ocr_line' id='line_1_16' title="bbox 302 1895 1305 1994; baseline 0.004 -25"><span class='ocrx_word' id='word_1_102' title='bbox 302 1896 534 1983; x_wconf 84' lang='lat' dir='ltr'><strong>ostendemus,</strong></span> <span class='ocrx_word' id='word_1_103' title='bbox 560 1923 595 1990; x_wconf 83' lang='lat' dir='ltr'><strong>a</strong></span> <span class='ocrx_word' id='word_1_104' title='bbox 623 1899 736 1968; x_wconf 85' lang='lat' dir='ltr'><strong>calore</strong></span> <span class='ocrx_word' id='word_1_105' title='bbox 766 1898 980 1994; x_wconf 90' lang='lat' dir='ltr'><strong>principium</strong></span> <span class='ocrx_word' id='word_1_106' title='bbox 1007 1895 1155 1984; x_wconf 88' lang='lat' dir='ltr'><strong>ducunt,</strong></span> <span class='ocrx_word' id='word_1_107' title='bbox 1205 1926 1305 1994; x_wconf 79' lang='lat' dir='ltr'><strong>cum</strong></span> 
     </span>
    </p>

    <p class='ocr_par' dir='ltr' id='par_1_11' title="bbox 235 1997 1295 2090">
     <span class='ocr_line' id='line_1_17' title="bbox 235 1997 1295 2090; baseline 0.003 -20"><span class='ocrx_word' id='word_1_108' title='bbox 235 2063 238 2070; x_wconf 94' lang='grc'><em>,</em></span> <span class='ocrx_word' id='word_1_109' title='bbox 301 2001 417 2074; x_wconf 82' lang='lat' dir='ltr'><strong>calore</strong></span> <span class='ocrx_word' id='word_1_110' title='bbox 430 1998 656 2086; x_wconf 87' lang='lat' dir='ltr'><strong>inualefcunt,</strong></span> <span class='ocrx_word' id='word_1_111' title='bbox 684 2013 719 2070; x_wconf 90' lang='lat' dir='ltr'><strong>et</strong></span> <span class='ocrx_word' id='word_1_112' title='bbox 732 1997 872 2070; x_wconf 88' lang='lat' dir='ltr'><strong>tandem</strong></span> <span class='ocrx_word' id='word_1_113' title='bbox 888 1997 1016 2090; x_wconf 83' lang='lat' dir='ltr'><strong>frigore</strong></span> <span class='ocrx_word' id='word_1_114' title='bbox 1038 2000 1295 2076; x_wconf 81' lang='lat' dir='ltr'><strong>terminantur.</strong></span> 
     </span>
    </p>

    <p class='ocr_par' dir='ltr' id='par_1_12' title="bbox 298 2085 1301 2403">
     <span class='ocr_line' id='line_1_18' title="bbox 300 2085 1301 2198; baseline 0.006 -26"><span class='ocrx_word' id='word_1_115' title='bbox 300 2085 342 2174; x_wconf 81' lang='lat' dir='ltr'><strong>ln</strong></span> <span class='ocrx_word' id='word_1_116' title='bbox 366 2103 418 2172; x_wconf 88' lang='lat' dir='ltr'><strong>his</strong></span> <span class='ocrx_word' id='word_1_117' title='bbox 442 2101 535 2172; x_wconf 90' lang='lat' dir='ltr'><strong>enim</strong></span> <span class='ocrx_word' id='word_1_118' title='bbox 556 2100 661 2194; x_wconf 86' lang='lat' dir='ltr'><strong>febris</strong></span> <span class='ocrx_word' id='word_1_119' title='bbox 683 2100 913 2198; x_wconf 85' lang='lat' dir='ltr'><strong>symptomata</strong></span> <span class='ocrx_word' id='word_1_120' title='bbox 939 2100 1059 2172; x_wconf 90' lang='lat' dir='ltr'><strong>ordine</strong></span> <span class='ocrx_word' id='word_1_121' title='bbox 1083 2096 1128 2172; x_wconf 84' lang='lat' dir='ltr'><strong>fic</strong></span> <span class='ocrx_word' id='word_1_122' title='bbox 1149 2103 1301 2178; x_wconf 86' lang='lat' dir='ltr'><strong>inuerfo</strong></span> 
     </span>
     <span class='ocr_line' id='line_1_19' title="bbox 299 2190 1301 2300; baseline 0.005 -25"><span class='ocrx_word' id='word_1_123' title='bbox 299 2190 495 2288; x_wconf 65' lang='lat' dir='ltr'><strong>dehabent,</strong></span> <span class='ocrx_word' id='word_1_124' title='bbox 519 2216 656 2296; x_wconf 29' lang='lat' dir='ltr'><strong>vtsseum</strong></span> <span class='ocrx_word' id='word_1_125' title='bbox 671 2202 743 2296; x_wconf 86' lang='lat' dir='ltr'><strong>ejus</strong></span> <span class='ocrx_word' id='word_1_126' title='bbox 757 2191 940 2300; x_wconf 85' lang='lat' dir='ltr'><strong>hypotheli</strong></span> <span class='ocrx_word' id='word_1_127' title='bbox 955 2227 1023 2300; x_wconf 81' lang='lat' dir='ltr'><strong>qua</strong></span> <span class='ocrx_word' id='word_1_128' title='bbox 1042 2201 1179 2276; x_wconf 84' lang='lat' dir='ltr'><strong>ratione</strong></span> <span class='ocrx_word' id='word_1_129' title='bbox 1202 2232 1301 2280; x_wconf 90' lang='lat' dir='ltr'><strong>con-</strong></span> 
     </span>
     <span class='ocr_line' id='line_1_20' title="bbox 298 2303 932 2403; baseline -0.006 -25"><span class='ocrx_word' id='word_1_130' title='bbox 298 2303 568 2403; x_wconf 77' lang='lat' dir='ltr'><strong>ciliariqueant,</strong></span> <span class='ocrx_word' id='word_1_131' title='bbox 590 2304 726 2402; x_wconf 87' lang='lat' dir='ltr'><strong>prorsus</strong></span> <span class='ocrx_word' id='word_1_132' title='bbox 745 2327 802 2374; x_wconf 90' lang='lat' dir='ltr'><strong>me</strong></span> <span class='ocrx_word' id='word_1_133' title='bbox 816 2304 932 2386; x_wconf 78' lang='lat' dir='ltr'><strong>lateat,</strong></span> 
     </span>
    </p>

    <p class='ocr_par' dir='ltr' id='par_1_13' title="bbox 102 2404 1333 3217">
     <span class='ocr_line' id='line_1_21' title="bbox 144 2404 1333 2606; baseline 0.003 -26"><span class='ocrx_word' id='word_1_134' title='bbox 144 2470 316 2599; x_wconf 59' lang='lat' dir='ltr'><strong>Nnueam’</strong></span> <span class='ocrx_word' id='word_1_135' title='bbox 346 2495 561 2606; x_wconf 85' lang='lat' dir='ltr'><strong>Superelfent</strong></span> <span class='ocrx_word' id='word_1_136' title='bbox 587 2404 795 2602; x_wconf 58' lang='lat' dir='ltr'><strong>adhucialia</strong></span> <span class='ocrx_word' id='word_1_137' title='bbox 824 2499 1051 2605; x_wconf 89' lang='lat' dir='ltr'><strong>quorumdam</strong></span> <span class='ocrx_word' id='word_1_138' title='bbox 1074 2503 1299 2604; x_wconf 85' lang='lat' dir='ltr'><strong>Pathologo·</strong></span> <span class='ocrx_word' id='word_1_139' title='bbox 1332 2579 1333 2588; x_wconf 74' lang='grc'>,</span> 
     </span>
     <span class='ocr_line' id='line_1_22' title="bbox 123 2585 1333 2716; baseline 0.003 -35"><span class='ocrx_word' id='word_1_140' title='bbox 123 2585 376 2716; x_wconf 51' lang='lat' dir='ltr'><strong>,ngjfnmmssrum</strong></span> <span class='ocrx_word' id='word_1_141' title='bbox 391 2610 632 2694; x_wconf 87' lang='lat' dir='ltr'><strong>deliramenta,</strong></span> <span class='ocrx_word' id='word_1_142' title='bbox 658 2609 834 2706; x_wconf 89' lang='lat' dir='ltr'><strong>inquibus</strong></span> <span class='ocrx_word' id='word_1_143' title='bbox 853 2610 1040 2681; x_wconf 84' lang='lat' dir='ltr'><strong>referendis</strong></span> <span class='ocrx_word' id='word_1_144' title='bbox 1053 2633 1226 2708; x_wconf 83' lang='lat' dir='ltr'><strong>operam,</strong></span> <span class='ocrx_word' id='word_1_145' title='bbox 1258 2629 1300 2688; x_wconf 86' lang='lat' dir='ltr'><strong>et</strong></span> <span class='ocrx_word' id='word_1_146' title='bbox 1331 2611 1333 2698; x_wconf 68' lang='lat' dir='ltr'><strong>J</strong></span> 
     </span>
     <span class='ocr_line' id='line_1_23' title="bbox 124 2705 1331 2812; baseline 0.003 -30"><span class='ocrx_word' id='word_1_147' title='bbox 124 2723 265 2802; x_wconf 67' lang='lat' dir='ltr'><strong>vniuersam</strong></span> <span class='ocrx_word' id='word_1_148' title='bbox 296 2727 451 2810; x_wconf 89' lang='lat' dir='ltr'><strong>tempus,</strong></span> <span class='ocrx_word' id='word_1_149' title='bbox 477 2707 658 2796; x_wconf 82' lang='lat' dir='ltr'><strong>fivellem,</strong></span> <span class='ocrx_word' id='word_1_150' title='bbox 681 2709 824 2810; x_wconf 88' lang='lat' dir='ltr'><strong>perdere</strong></span> <span class='ocrx_word' id='word_1_151' title='bbox 840 2707 984 2812; x_wconf 88' lang='lat' dir='ltr'><strong>pollem:</strong></span> <span class='ocrx_word' id='word_1_152' title='bbox 1010 2705 1065 2782; x_wconf 86' lang='lat' dir='ltr'><strong>fed</strong></span> <span class='ocrx_word' id='word_1_153' title='bbox 1080 2709 1196 2782; x_wconf 84' lang='lat' dir='ltr'><strong>taedet</strong></span> <span class='ocrx_word' id='word_1_154' title='bbox 1213 2713 1297 2807; x_wconf 85' lang='lat' dir='ltr'><strong>jam</strong></span> <span class='ocrx_word' id='word_1_155' title='bbox 1329 2714 1331 2720; x_wconf 40' lang='lat'>²</span> 
     </span>
     <span class='ocr_line' id='line_1_24' title="bbox 120 2785 1296 2916; baseline -0.001 -29"><span class='ocrx_word' id='word_1_156' title='bbox 120 2785 235 2916; x_wconf 53' lang='lat' dir='ltr'><strong>Jffifw‘</strong></span> <span class='ocrx_word' id='word_1_157' title='bbox 249 2802 291 2854; x_wconf 51' lang='grc' dir='ltr'><strong>μ’</strong></span> <span class='ocrx_word' id='word_1_158' title='bbox 295 2812 491 2906; x_wconf 82' lang='lat' dir='ltr'><strong>hujusmodi</strong></span> <span class='ocrx_word' id='word_1_159' title='bbox 513 2814 739 2909; x_wconf 89' lang='lat' dir='ltr'><strong>occupatione</strong></span> <span class='ocrx_word' id='word_1_160' title='bbox 759 2831 819 2884; x_wconf 86' lang='lat' dir='ltr'><strong>me</strong></span> <span class='ocrx_word' id='word_1_161' title='bbox 839 2811 1003 2886; x_wconf 83' lang='lat' dir='ltr'><strong>distineri.</strong></span> <span class='ocrx_word' id='word_1_162' title='bbox 1064 2812 1171 2895; x_wconf 90' lang='lat' dir='ltr'><strong>Quod</strong></span> <span class='ocrx_word' id='word_1_163' title='bbox 1197 2839 1296 2910; x_wconf 80' lang='lat' dir='ltr'><strong>prae</strong></span> 
     </span>
     <span class='ocr_line' id='line_1_25' title="bbox 212 2912 1328 3010; baseline 0.007 -25.465"><span class='ocrx_word' id='word_1_164' title='bbox 212 2947 222 2958; x_wconf 89' lang='lat'><strong>·</strong></span> <span class='ocrx_word' id='word_1_165' title='bbox 245 2949 261 2980; x_wconf 65' lang='lat' dir='ltr'><strong>r</strong></span> <span class='ocrx_word' id='word_1_166' title='bbox 293 2917 404 3004; x_wconf 82' lang='lat' dir='ltr'><strong>oculis</strong></span> <span class='ocrx_word' id='word_1_167' title='bbox 439 2912 633 3002; x_wconf 83' lang='lat' dir='ltr'><strong>habebam,</strong></span> <span class='ocrx_word' id='word_1_168' title='bbox 682 2914 720 2986; x_wconf 92' lang='lat' dir='ltr'><strong>id</strong></span> <span class='ocrx_word' id='word_1_169' title='bbox 757 2915 846 2986; x_wconf 91' lang='lat' dir='ltr'><strong>mihi</strong></span> <span class='ocrx_word' id='word_1_170' title='bbox 878 2914 997 2988; x_wconf 87' lang='lat' dir='ltr'><strong>videor</strong></span> <span class='ocrx_word' id='word_1_171' title='bbox 1036 2913 1293 3010; x_wconf 81' lang='lat' dir='ltr'><strong>consequutus.</strong></span> <span class='ocrx_word' id='word_1_172' title='bbox 1327 2991 1328 3000; x_wconf 69' lang='grc'>,</span> 
     </span>
     <span class='ocr_line' id='line_1_26' title="bbox 102 3013 1328 3112; baseline 0.005 -22"><span class='ocrx_word' id='word_1_173' title='bbox 102 3031 105 3038; x_wconf 88' lang='grc'><strong>’</strong></span> <span class='ocrx_word' id='word_1_174' title='bbox 144 3037 148 3096; x_wconf 80' lang='grc' dir='ltr'><em>ζ</em></span> <span class='ocrx_word' id='word_1_175' title='bbox 187 3052 191 3061; x_wconf 72' lang='grc'>’</span> <span class='ocrx_word' id='word_1_176' title='bbox 223 3103 226 3110; x_wconf 26' lang='lat'><strong>¹</strong></span> <span class='ocrx_word' id='word_1_177' title='bbox 291 3015 477 3104; x_wconf 80' lang='lat' dir='ltr'><strong>Ostendere</strong></span> <span class='ocrx_word' id='word_1_178' title='bbox 494 3020 589 3104; x_wconf 87' lang='lat' dir='ltr'><strong>enirn</strong></span> <span class='ocrx_word' id='word_1_179' title='bbox 603 3015 673 3112; x_wconf 82' lang='lat' dir='ltr'><strong>fuit</strong></span> <span class='ocrx_word' id='word_1_180' title='bbox 690 3018 835 3102; x_wconf 75' lang='lat' dir='ltr'><strong>annuus,</strong></span> <span class='ocrx_word' id='word_1_181' title='bbox 859 3017 991 3112; x_wconf 82' lang='lat' dir='ltr'><strong>nullam</strong></span> <span class='ocrx_word' id='word_1_182' title='bbox 1006 3013 1169 3088; x_wconf 88' lang='lat' dir='ltr'><strong>constitui</strong></span> <span class='ocrx_word' id='word_1_183' title='bbox 1185 3024 1294 3096; x_wconf 85' lang='lat' dir='ltr'><strong>caul-</strong></span> <span class='ocrx_word' id='word_1_184' title='bbox 1327 3025 1328 3032; x_wconf 63' lang='lat'><em>&#39;</em></span> 
     </span>
     <span class='ocr_line' id='line_1_27' title="bbox 119 3111 1292 3217; baseline -0.003 -19"><span class='ocrx_word' id='word_1_185' title='bbox 119 3115 152 3210; x_wconf 57' lang='lat' dir='ltr'><strong>s‘</strong></span> <span class='ocrx_word' id='word_1_186' title='bbox 192 3169 214 3199; x_wconf 58' lang='lat' dir='ltr'><strong>a</strong></span> <span class='ocrx_word' id='word_1_187' title='bbox 229 3119 250 3198; x_wconf 78' lang='grc'><em>’,..</em></span> <span class='ocrx_word' id='word_1_188' title='bbox 290 3119 362 3194; x_wconf 78' lang='lat' dir='ltr'><strong>sam</strong></span> <span class='ocrx_word' id='word_1_189' title='bbox 376 3123 566 3217; x_wconf 79' lang='lat' dir='ltr'><strong>proximam</strong></span> <span class='ocrx_word' id='word_1_190' title='bbox 585 3111 695 3216; x_wconf 73' lang='lat' dir='ltr'><strong>polle&#39;,</strong></span> <span class='ocrx_word' id='word_1_191' title='bbox 719 3144 805 3216; x_wconf 88' lang='lat' dir='ltr'><strong>quae</strong></span> <span class='ocrx_word' id='word_1_192' title='bbox 821 3119 979 3193; x_wconf 88' lang='lat' dir='ltr'><strong>omnibus</strong></span> <span class='ocrx_word' id='word_1_193' title='bbox 997 3113 1095 3188; x_wconf 85' lang='lat' dir='ltr'><strong>fimul</strong></span> <span class='ocrx_word' id='word_1_194' title='bbox 1110 3115 1292 3214; x_wconf 84' lang='lat' dir='ltr'><strong>febribus,</strong></span> 
     </span>
    </p>

    <p class='ocr_par' dir='ltr' id='par_1_14' title="bbox 158 3218 1293 3318">
     <span class='ocr_line' id='line_1_28' title="bbox 158 3218 1293 3318; baseline -0.002 -26"><span class='ocrx_word' id='word_1_195' title='bbox 158 3243 163 3256; x_wconf 84' lang='lat'>&#39;</span> <span class='ocrx_word' id='word_1_196' title='bbox 288 3236 468 3318; x_wconf 70' lang='lat' dir='ltr'><strong>quotquot,</strong></span> <span class='ocrx_word' id='word_1_197' title='bbox 487 3221 580 3305; x_wconf 86' lang='lat' dir='ltr'><strong>sunt,</strong></span> <span class='ocrx_word' id='word_1_198' title='bbox 615 3245 695 3293; x_wconf 86' lang='lat' dir='ltr'><strong>curn</strong></span> <span class='ocrx_word' id='word_1_199' title='bbox 724 3243 863 3312; x_wconf 83' lang='lat' dir='ltr'><strong>genere,</strong></span> <span class='ocrx_word' id='word_1_200' title='bbox 897 3236 975 3294; x_wconf 82' lang='lat' dir='ltr'><strong>turn</strong></span> <span class='ocrx_word' id='word_1_201' title='bbox 1001 3218 1293 3318; x_wconf 67' lang='lat' dir='ltr'><strong>symptomatum</strong></span> 
     </span>
    </p>

    <p class='ocr_par' dir='ltr' id='par_1_15' title="bbox 286 3315 1323 3543">
     <span class='ocr_line' id='line_1_29' title="bbox 286 3315 1291 3423; baseline 0.004 -27"><span class='ocrx_word' id='word_1_202' title='bbox 286 3324 537 3423; x_wconf 83' lang='lat' dir='ltr'><strong>multiplicium</strong></span> <span class='ocrx_word' id='word_1_203' title='bbox 552 3323 687 3392; x_wconf 85' lang='lat' dir='ltr'><strong>ratione</strong></span> <span class='ocrx_word' id='word_1_204' title='bbox 702 3319 926 3394; x_wconf 81' lang='lat' dir='ltr'><strong>diuersrffimis</strong></span> <span class='ocrx_word' id='word_1_205' title='bbox 942 3321 1135 3394; x_wconf 87' lang='lat' dir='ltr'><strong>communis</strong></span> <span class='ocrx_word' id='word_1_206' title='bbox 1152 3315 1291 3400; x_wconf 86' lang='lat' dir='ltr'><strong>reuera</strong></span> 
     </span>
     <span class='ocr_line' id='line_1_30' title="bbox 288 3419 1285 3519; baseline 0.008 -25"><span class='ocrx_word' id='word_1_207' title='bbox 288 3420 386 3496; x_wconf 84' lang='lat' dir='ltr'><strong>ellet:</strong></span> <span class='ocrx_word' id='word_1_208' title='bbox 412 3450 493 3510; x_wconf 91' lang='lat' dir='ltr'><strong>nec,</strong></span> <span class='ocrx_word' id='word_1_209' title='bbox 522 3437 560 3493; x_wconf 87' lang='lat' dir='ltr'><strong>vt</strong></span> <span class='ocrx_word' id='word_1_210' title='bbox 575 3437 679 3519; x_wconf 89' lang='lat' dir='ltr'><strong>puto,</strong></span> <span class='ocrx_word' id='word_1_211' title='bbox 704 3423 834 3512; x_wconf 87' lang='lat' dir='ltr'><strong>inanis,</strong></span> <span class='ocrx_word' id='word_1_212' title='bbox 860 3440 895 3496; x_wconf 92' lang='lat' dir='ltr'><strong>et</strong></span> <span class='ocrx_word' id='word_1_213' title='bbox 911 3419 1016 3496; x_wconf 86' lang='lat' dir='ltr'><strong>callus</strong></span> <span class='ocrx_word' id='word_1_214' title='bbox 1031 3421 1127 3494; x_wconf 86' lang='lat' dir='ltr'><strong>labor</strong></span> <span class='ocrx_word' id='word_1_215' title='bbox 1143 3427 1285 3503; x_wconf 82' lang='lat' dir='ltr'><strong>extitit.</strong></span> 
     </span>
    </p>

    <p class='ocr_par' dir='ltr' id='par_1_16' title="bbox 129 3520 1287 3625">
     <span class='ocr_line' id='line_1_31' title="bbox 129 3520 1287 3625; baseline 0.001 -27"><span class='ocrx_word' id='word_1_216' title='bbox 129 3601 146 3621; x_wconf 37' lang='grc' dir='ltr'><strong><em>Γ</em></strong></span> <span class='ocrx_word' id='word_1_217' title='bbox 230 3583 248 3608; x_wconf 63' lang='lat'><strong>,</strong></span> <span class='ocrx_word' id='word_1_218' title='bbox 287 3530 407 3608; x_wconf 86' lang='lat' dir='ltr'><strong>Quare</strong></span> <span class='ocrx_word' id='word_1_219' title='bbox 416 3549 499 3607; x_wconf 84' lang='lat' dir='ltr'><strong>cunr</strong></span> <span class='ocrx_word' id='word_1_220' title='bbox 517 3525 614 3608; x_wconf 80' lang='lat' dir='ltr'><strong>nulla¹</strong></span> <span class='ocrx_word' id='word_1_221' title='bbox 623 3523 818 3619; x_wconf 83' lang='lat' dir='ltr'><strong>hujusmodi</strong></span> <span class='ocrx_word' id='word_1_222' title='bbox 837 3521 945 3597; x_wconf 77' lang='lat' dir='ltr'><strong>confla</strong></span> <span class='ocrx_word' id='word_1_223' title='bbox 967 3520 1128 3625; x_wconf 73' lang='lat' dir='ltr'><strong>botlenus</strong></span> <span class='ocrx_word' id='word_1_224' title='bbox 1149 3525 1287 3602; x_wconf 87' lang='lat' dir='ltr'><strong>inuen-</strong></span> 
     </span>
    </p>

    <p class='ocr_par' dir='ltr' id='par_1_17' title="bbox 198 3617 1285 3724">
     <span class='ocr_line' id='line_1_32' title="bbox 198 3617 1285 3724; baseline 0.004 -26"><span class='ocrx_word' id='word_1_225' title='bbox 198 3617 202 3627; x_wconf 74' lang='grc'><strong>’</strong></span> <span class='ocrx_word' id='word_1_226' title='bbox 224 3679 227 3686; x_wconf 82' lang='lat'>·</span> <span class='ocrx_word' id='word_1_227' title='bbox 283 3640 322 3698; x_wconf 80' lang='lat' dir='ltr'><strong>ta</strong></span> <span class='ocrx_word' id='word_1_228' title='bbox 336 3625 393 3714; x_wconf 87' lang='lat' dir='ltr'><strong>fit,</strong></span> <span class='ocrx_word' id='word_1_229' title='bbox 423 3652 487 3698; x_wconf 85' lang='lat' dir='ltr'><strong>nec</strong></span> <span class='ocrx_word' id='word_1_230' title='bbox 507 3620 644 3705; x_wconf 81' lang='lat' dir='ltr'><strong>forcalle</strong></span> <span class='ocrx_word' id='word_1_231' title='bbox 662 3629 831 3713; x_wconf 88' lang='lat' dir='ltr'><strong>inueniri,</strong></span> <span class='ocrx_word' id='word_1_232' title='bbox 855 3643 894 3699; x_wconf 88' lang='lat' dir='ltr'><strong>vt</strong></span> <span class='ocrx_word' id='word_1_233' title='bbox 914 3629 956 3698; x_wconf 84' lang='lat' dir='ltr'><strong>cl.</strong></span> <span class='ocrx_word' id='word_1_234' title='bbox 981 3651 1224 3718; x_wconf 70' lang='lat' dir='ltr'><strong>uaanonrvs</strong></span> <span class='ocrx_word' id='word_1_235' title='bbox 1246 3635 1285 3724; x_wconf 83' lang='lat' dir='ltr'><strong>a)</strong></span> 
     </span>
    </p>

    <p class='ocr_par' dir='ltr' id='par_1_18' title="bbox 126 3721 1284 3826">
     <span class='ocr_line' id='line_1_33' title="bbox 126 3721 1284 3826; baseline 0.005 -29"><span class='ocrx_word' id='word_1_236' title='bbox 126 3743 149 3766; x_wconf 62' lang='lat'><strong>·”</strong></span> <span class='ocrx_word' id='word_1_237' title='bbox 163 3721 180 3764; x_wconf 73' lang='grc'><strong>·’</strong></span> <span class='ocrx_word' id='word_1_238' title='bbox 235 3755 256 3821; x_wconf 58' lang='lat' dir='ltr'><strong>j</strong></span> <span class='ocrx_word' id='word_1_239' title='bbox 284 3743 460 3812; x_wconf 90' lang='lat' dir='ltr'><strong>autumat,</strong></span> <span class='ocrx_word' id='word_1_240' title='bbox 485 3751 634 3824; x_wconf 77' lang='lat' dir='ltr'><strong>unquam</strong></span> <span class='ocrx_word' id='word_1_241' title='bbox 650 3726 776 3826; x_wconf 76' lang='lat' dir='ltr'><strong>pollitz&#39;</strong></span> <span class='ocrx_word' id='word_1_242' title='bbox 790 3755 938 3826; x_wconf 87' lang='lat' dir='ltr'><strong>cumque</strong></span> <span class='ocrx_word' id='word_1_243' title='bbox 957 3729 1051 3800; x_wconf 88' lang='lat' dir='ltr'><strong>nulla</strong></span> <span class='ocrx_word' id='word_1_244' title='bbox 1071 3751 1190 3800; x_wconf 90' lang='lat' dir='ltr'><strong>earum</strong></span> <span class='ocrx_word' id='word_1_245' title='bbox 1216 3755 1284 3822; x_wconf 88' lang='lat' dir='ltr'><strong>ge-</strong></span> 
     </span>
    </p>

    <p class='ocr_par' dir='ltr' id='par_1_19' title="bbox 90 3817 1309 4220">
     <span class='ocr_line' id='line_1_34' title="bbox 227 3817 1282 3928; baseline -0.005 -28"><span class='ocrx_word' id='word_1_246' title='bbox 227 3817 233 3834; x_wconf 80' lang='grc'><strong>’</strong></span> <span class='ocrx_word' id='word_1_247' title='bbox 282 3831 398 3902; x_wconf 83' lang='lat' dir='ltr'><strong>uerita</strong></span> <span class='ocrx_word' id='word_1_248' title='bbox 413 3825 583 3914; x_wconf 86' lang='lat' dir='ltr'><strong>definitio,</strong></span> <span class='ocrx_word' id='word_1_249' title='bbox 603 3855 689 3924; x_wconf 87' lang='lat' dir='ltr'><strong>quae</strong></span> <span class='ocrx_word' id='word_1_250' title='bbox 705 3827 849 3922; x_wconf 84' lang='lat' dir='ltr'><strong>fingulas</strong></span> <span class='ocrx_word' id='word_1_251' title='bbox 865 3827 1145 3928; x_wconf 87' lang='lat' dir='ltr'><strong>comprehendat,</strong></span> <span class='ocrx_word' id='word_1_252' title='bbox 1167 3831 1282 3927; x_wconf 84' lang='lat' dir='ltr'><strong>poffi.</strong></span> 
     </span>
     <span class='ocr_line' id='line_1_35' title="bbox 122 3919 1309 4032; baseline 0 -24"><span class='ocrx_word' id='word_1_253' title='bbox 122 3919 360 4022; x_wconf 75' lang='lat' dir='ltr'><strong>¹[nsm&#39;pn&#39;0bilis</strong></span> <span class='ocrx_word' id='word_1_254' title='bbox 383 3932 457 4026; x_wconf 73' lang='lat' dir='ltr'><strong>¹vila,</strong></span> <span class='ocrx_word' id='word_1_255' title='bbox 473 3930 571 4004; x_wconf 91' lang='lat' dir='ltr'><strong>nobis</strong></span> <span class='ocrx_word' id='word_1_256' title='bbox 584 3928 657 4024; x_wconf 78' lang='lat' dir='ltr'><strong>¹fit:</strong></span> <span class='ocrx_word' id='word_1_257' title='bbox 693 3933 865 4032; x_wconf 86' lang='lat' dir='ltr'><strong>reliquum</strong></span> <span class='ocrx_word' id='word_1_258' title='bbox 886 3929 951 4018; x_wconf 88' lang='lat' dir='ltr'><strong>est,</strong></span> <span class='ocrx_word' id='word_1_259' title='bbox 981 3949 1019 4003; x_wconf 90' lang='lat' dir='ltr'><strong>vt</strong></span> <span class='ocrx_word' id='word_1_260' title='bbox 1042 3934 1077 4002; x_wconf 92' lang='lat' dir='ltr'><strong>in</strong></span> <span class='ocrx_word' id='word_1_261' title='bbox 1106 3927 1282 4008; x_wconf 87' lang='lat' dir='ltr'><strong>historica</strong></span> <span class='ocrx_word' id='word_1_262' title='bbox 1296 3949 1309 3983; x_wconf 82' lang='grc'><strong>’-</strong></span> 
     </span>
     <span class='ocr_line' id='line_1_36' title="bbox 90 4025 1280 4134; baseline 0.006 -33"><span class='ocrx_word' id='word_1_263' title='bbox 90 4025 193 4101; x_wconf 68' lang='lat' dir='ltr'><strong>.s⁶&#39;l”&#39;⁸·</strong></span> <span class='ocrx_word' id='word_1_264' title='bbox 278 4032 669 4132; x_wconf 55' lang='lat' dir='ltr'><strong>lllltllm,d⁸lcjlpthssea</strong></span> <span class='ocrx_word' id='word_1_265' title='bbox 692 4057 779 4128; x_wconf 85' lang='lat' dir='ltr'><strong>quae</strong></span> <span class='ocrx_word' id='word_1_266' title='bbox 793 4035 978 4134; x_wconf 78' lang='lat' dir='ltr'><strong>praecipua</strong></span> <span class='ocrx_word' id='word_1_267' title='bbox 991 4029 1095 4106; x_wconf 86' lang='lat' dir='ltr'><strong>febris</strong></span> <span class='ocrx_word' id='word_1_268' title='bbox 1110 4029 1280 4132; x_wconf 88' lang='lat' dir='ltr'><strong>phaeno-</strong></span> 
     </span>
     <span class='ocr_line' id='line_1_37' title="bbox 611 4159 1278 4220; baseline 0.003 -10"><span class='ocrx_word' id='word_1_269' title='bbox 611 4165 614 4182; x_wconf 90' lang='lat'>&#39;</span> <span class='ocrx_word' id='word_1_270' title='bbox 752 4159 759 4171; x_wconf 82' lang='lat'><em>&#39;</em></span> <span class='ocrx_word' id='word_1_271' title='bbox 1161 4159 1278 4220; x_wconf 61' lang='lat' dir='ltr'><strong>mella</strong></span> 
     </span>
    </p>
   </div>
   <div class='ocr_carea' id='block_1_4' title="bbox 0 0 1340 4896">
    <p class='ocr_par' dir='ltr' id='par_1_20' title="bbox 0 0 1340 4896">
     <span class='ocr_line' id='line_1_38' title="bbox 0 0 1340 4896; baseline 0 4"><span class='ocrx_word' id='word_1_272' title='bbox 0 0 1340 4896; x_wconf 95' lang='lat' dir='ltr'><strong> </strong></span> 
     </span>
    </p>
   </div>
  </div>
 </body>
</html>
